2475 4450
179 563 312 619 aaut
345 560 618 620 canisium.
670 561 763 622 stuc.
786 564 817 621 1.
868 559 917 639 65
1021 541 1024 550 '

150 712 274 776 fuerunt
295 727 420 784 eorum,
459 727 523 784 quae
542 705 801 771 CHRISTUS
821 709 915 790 gessit,

149 809 239 874 atque
263 794 429 855 dodrinam
445 789 597 853 salutarem
620 792 657 852 ab
677 812 727 853 ore
747 796 808 867 ejus
831 815 915 857 acce.

150 893 237 957 ptam
255 878 429 937 docuerunt.
473 874 521 935 Est
539 874 597 935 hoc
618 875 701 936 silum
725 875 799 937 illud
822 877 912 939 tradi-

148 964 268 1033 tionis,
292 958 369 1037 quod
392 960 480 1032 juxta
498 956 600 1018 seriem
620 971 786 1035 temporum
809 961 841 1020 in
864 959 912 1023 his

149 1043 308 1121 principiis
326 1040 482 1119 theologiae
497 1041 670 1117 dogmatica
692 1042 832 1120 deinceps
852 1057 911 1105 tra-

148 1126 270 1200 hemus,
283 1125 405 1186 exordio
418 1126 506 1186 dudio
517 1124 553 1184 ab
571 1124 718 1201 apostolis,
733 1128 782 1203 qni
794 1128 910 1189 divinas

148 1210 312 1283 veritates,
350 1227 386 1269 ac
407 1208 545 1285 dogmata
565 1205 718 1270 christiana
749 1208 842 1270 nobis
860 1229 912 1272 ari.

148 1294 337 1354 nunciarunt
390 1290 473 1352 Licet
501 1303 599 1351 autern
619 1310 665 1352 res
684 1290 852 1366 altissimas,
875 1312 912 1356 ac

149 1375 290 1455 mysteria
313 1374 458 1435 rationem
478 1386 542 1434 toto
573 1371 650 1434 coelo
670 1373 834 1452 superantia
857 1395 909 1438 an·

149 1459 383 1531 nunciaverint3
408 1455 481 1517 nihil
492 1469 591 1517 tamen
615 1456 696 1532 quod
711 1456 783 1519 sanae
804 1459 913 1521 rationi

149 1552 324 1620 repugnet,
346 1538 422 1600 nihil
442 1539 542 1601 DEO
563 1538 736 1617 indignum,
770 1539 900 1603 humano

151 1626 254 1703 generi
265 1622 418 1685 adversum
438 1622 622 1696 docuerunt,
654 1621 703 1684 sed
728 1625 826 1684 omnia
848 1624 911 1687 san.

150 1712 304 1782 ditarem,
325 1708 543 1784 pietatemque,
565 1707 715 1779 virtutem,
732 1710 760 1768 dc
776 1707 908 1771 honesta.

149 1806 209 1853 tem
243 1790 374 1868 spirant,
403 1791 613 1865 continentque
637 1787 837 1866 charadiereS‚
875 1812 912 1855 ac

150 1875 251 1935 radios
260 1873 422 1933 divinitatis
435 1869 688 1949 splendidissimos,
699 1871 857 1950 specimina
867 1876 913 1937 di.
927 1874 934 1885 '

150 1960 229 2019 vinae
260 1955 482 2034 providentiae,
520 1974 554 2015 ac
578 1958 677 2031 gratiae
696 1956 848 2034 singularia
878 1960 911 2019 in

150 2040 338 2101 redemtione
360 2040 473 2116 generis
495 2036 638 2112 humani,
673 2040 911 2116 promissionibus

150 2121 253 2186 DEO
273 2122 389 2199 digniS,
422 2120 589 2182 hominibus
609 2134 707 2183 autem
734 2122 913 2200 exoptatissi-

150 2211 232 2281 niis,
267 2205 307 2267 ad
329 2203 499 2266 felicitatem
513 2231 516 2236 ·
529 2223 631 2265 corum
657 2218 801 2268 aeternam.
847 2206 913 2269 Nec

151 2292 291 2367 decipere
310 2287 452 2362 voluisse,
485 2301 535 2349 aut
555 2286 678 2363 potuisse
706 2289 826 2364 apostoli
844 2309 913 2350 ceri.
946 2359 948 2361 μ

149 2375 203 2434 seri
224 2370 362 2450 poliunt,
389 2384 438 2432 aut
456 2371 608 2448 imponere
630 2382 764 2443 tantum,
787 2385 820 2432 ut
842 2391 912 2432 con-

149 2457 310 2534 spiratione
323 2453 399 2516 socia
414 2468 508 2514 totum
521 2453 623 2513 orbem
641 2453 849 2530 pervaderent,
862 2473 914 2531 pa.

151 2541 227 2612 tria,
249 2536 356 2611 rebus,
380 2538 515 2598 &charis
540 2535 675 2609 omnibus¹
698 2534 826 2608 relicliS,
850 2556 914 2614 quae

152 2622 227 2684 solet
239 2618 297 2681 esse
315 2622 450 2696 proxime
465 2619 608 2680 accedens
627 2619 664 2680 ad
686 2620 788 2680 mortis
805 2618 915 2698 suppli-

153 2708 234 2768 cium
261 2718 373 2780 poena,
405 2701 545 2764 exilium:
584 2714 667 2763 tanto
702 2718 798 2763 aurem
820 2702 914 2780 spatio

155 2811 171 2852 a
188 2789 218 2849 se
247 2786 369 2864 separati
385 2786 417 2845 in
432 2784 606 2862 dispersione
623 2785 764 2862 gentium,
789 2788 914 2848 eandem

156 2872 264 2947 ubique
286 2869 449 2930 dodlrinam
458 2867 646 2945 protulerunt
659 2913 668 2941 ,
681 2867 762 2929 nullo
772 2867 823 2929 suo
834 2889 914 2932 com·
990 2889 994 2892 ’

154 2955 246 3016 modo
270 2951 417 3029 praesentis
431 2951 518 3023 vitae,
540 2949 590 3012 sed
609 2950 742 3028 periculo
765 2950 915 3014 illiusma-

155 3035 282 3100 nifello:
307 3036 378 3096 dum
396 3034 515 3095 interim
534 3035 639 3096 vivere
659 3036 734 3094 inter
751 3033 816 3096 suos
836 3039 917 3113 quie·

154 3137 204 3194 te,
228 3139 264 3180 ac
278 3117 385 3194 degere
408 3115 563 3192 tranquille
585 3115 751 3194 potuissent.
806 3117 917 3194 Quodsi

158 3206 265 3277 etiam,
295 3214 452 3277 antequam
477 3220 551 3277 opus
574 3212 634 3260 tarn
660 3200 769 3276 grande
787 3198 918 3279 suscepe-

156 3300 246 3359 runt,
279 3282 341 3346 haec
357 3285 436 3344 forte
463 3294 522 3342 tam
545 3283 676 3356 funesta,
713 3281 790 3344 haud
811 3286 917 3360 praevi·

157 3371 274 3441 derint,
305 3365 442 3445 praesenti
460 3363 560 3426 saltem
591 3363 754 3427 calamitate
777 3366 919 3428 absterriti

157 3449 333 3532 aproposrto
349 3445 541 3520 destitissent,
564 3447 722 3526 praesertim
747 3446 843 3510 alieno
866 3469 918 3527 pe-

157 3533 248 3600 riculo
277 3535 376 3607 cauti,
401 3531 473 3592 dum
503 3530 572 3605 hic,
611 3533 640 3593 dc
661 3530 712 3592 ille
729 3531 917 3608 praesentibus

157 3621 205 3694 se,
228 3639 263 3680 ac
282 3613 483 3698 spectantibus
496 3616 605 3691 morti,
640 3633 674 3678 ac
693 3613 841 3694 suppliciis
862 3615 920 3679 fuit

159 3704 296 3767 addidius.

556 3843 581 3909 Ε
812 3841 883 3927 lloc
