2475 4450
281 555 416 632 ἈΜΕ
447 563 719 626 censuum,
841 566 900 648 35,-

133 710 165 778 N
173 710 220 776 IS
239 706 380 786 Jambre,
401 708 578 777 &Mambre
590 707 770 791 penetrarit,
792 708 899 779 demo-

133 794 222 860 nibus
247 792 383 858 infestata
393 807 464 860 nanc
485 793 591 860 adhuc·

412 959 456 1071 §-
483 959 582 1048 xv.

142 1136 246 1226 Lex
259 1133 461 1234 levitica,
479 1162 556 1252 per
568 1136 781 1226 Monstra
793 1137 898 1257 dam,
915 1146 1026 1251 Jadaen

132 1246 350 1364 tgulariter
372 1247 540 1363 quidem
561 1248 611 1336 ad
628 1274 795 1365 gentem
817 1254 898 1368 Ju'-
915 1234 1053 1381 wis
1062 1335 1081 1384 ⁸

132 1366 251 1452 ticam
258 1361 476 1475 pertinuit3
490 1387 576 1449 non
585 1386 718 1451 tamen
732 1363 826 1451 ideo
833 1392 900 1451 re-
916 1361 1079 1465 niam

132 1501 218 1591 pure
256 1496 398 1588 gentes
425 1476 606 1587 aprimo
634 1469 818 1575 foedere,
852 1502 899 1562 ac
915 1482 1059 1563 eramo,

132 1582 423 1700 rot-evangelio
438 1580 778 1696 exelufifuerunt:
795 1590 900 1703 quin

132 1700 217 1785 iam
239 1723 326 1783 non
347 1693 578 1784 utromodo
603 1695 744 1787 locum
764 1702 807 1787 in
833 1697 878 1815 sy
1014 1772 1028 1789 „.

132 1835 258 1928 tgoga
271 1808 516 1898 habuerunt.
985 1855 988 1862 ·

178 2008 257 2086 Quae
285 2025 338 2086 per
358 2020 633 2087 proto-parentem,
666 2013 696 2075 de
719 2012 818 2090 postea
844 2032 898 2092 per

133 2089 242 2157 NOE
259 2105 421 2170 propagata
433 2092 492 2156 fuit
510 2092 633 2173 religio,
665 2106 751 2173 atque
771 2094 899 2159 salvifica

134 2174 319 2238 annunciata
340 2174 473 2238 doctrina
496 2176 557 2252 est,
581 2175 900 2255 praesertimdeMns-

136 2277 226 2320 sta·
241 2255 393 2320 Salvatote
425 2259 548 2333 mundi,
580 2279 645 2321 eam
665 2263 715 2339 qui
747 2260 900 2324 conserva-

135 2355 210 2404 runt
225 2386 236 2415 ,
259 2360 277 2401 a
297 2338 387 2402 salute
413 2340 590 2404 excludendi
602 2341 681 2404 haud
695 2341 780 2416 sunt,
795 2343 901 2404 duran-

135 2435 171 2486 te
191 2424 283 2485 etiam
298 2421 426 2486 mosaica
446 2422 511 2502 lege
531 2423 640 2499 Judaeis
669 2423 818 2502 peculiari.
862 2423 901 2486 Et

137 2506 225 2570 struti
243 2505 382 2583 exempla
399 2506 576 2585 suppetunt,
591 2506 641 2571 vel
652 2526 692 2569 ex
711 2505 770 2584 ipsa
781 2505 902 2584 scriptu-

137 2610 193 2665 ra,
210 2600 299 2667 atque
320 2587 442 2651 anobis
459 2589 542 2668 supra
561 2589 693 2668 quaedam
712 2588 781 2652 sunt
803 2588 900 2665 allata,

138 2690 266 2746 eorum,
297 2673 347 2749 qui
364 2672 398 2732 in
421 2671 594 2750 dispersrone
628 2672 759 2752 gentium
791 2672 903 2751 depost-

139 2769 229 2829 tum,
249 2753 494 2833 traditionemque
519 2757 628 2818 avitam
655 2756 835 2835 primigeniae
870 2754 903 2817 fi.
977 2804 987 2833 ,,

141 2839 193 2901 dei
216 2835 442 2913 conservarunt3
465 2839 507 2901 ita
517 2837 690 2902 incredibile
701 2837 779 2903 haud
792 2837 842 2913 est,
854 2838 904 2901 de-

139 2925 248 2997 inceps
269 2920 357 2982 etiam
372 2919 442 2982 alibi
458 2919 557 2982 semen
570 2920 759 2987 benedicum
769 2919 825 2984 elle
837 2941 905 2984 con-

141 3003 313 3078 servatum,
346 3018 396 3065 aut
420 3006 508 3066 etiam
523 3025 540 3067 a
558 3004 667 3080 Judaeis
685 3005 846 3073 excitatum
864 3003 906 3066 fa·

143 3106 216 3158 ma,
238 3083 461 3149 &celebritate

185 3167 292 3230 Parum
313 3168 431 3246 quidem
449 3167 572 3248 gentiles
592 3189 691 3233 rerum
705 3169 908 3234 hebraicarum

142 3251 321 3328 sategerunt
365 3249 474 3314 Saltem
484 3250 689 3330 posterioribus
713 3252 906 3330 temporibus,

143 3352 184 3397 ex
204 3332 311 3411 quibus
331 3347 412 3397 certa
431 3331 590 3414 suppetunt
606 3348 797 3400 monumenta
821 3334 907 3397 histo-

141 3419 228 3491 rica,
248 3415 419 3491 Judaeorum
429 3419 674 3482 memoriarum
693 3418 733 3481 est
748 3418 827 3497 apud
841 3417 907 3479 scri·

143 3512 257 3581 ptores.
299 3498 346 3562 De
370 3500 514 3578 prioribus
531 3514 630 3563 autent
653 3522 700 3565 res
721 3503 824 3563 nititur
846 3498 908 3578 ple-

142 3601 269 3661 rumque
302 3583 497 3658 conjecturis:
529 3603 663 3661 quaenam
686 3602 725 3647 ex
744 3582 850 3650 bbulis
869 3582 909 3644 ad

144 3665 225 3728 hanc
244 3675 366 3744 gentem
383 3664 439 3726 lint
455 3667 617 3732 referenda.
652 3665 733 3732 Bella
746 3679 825 3730 certe
839 3671 908 3728 cum

141 3749 251 3823 ricinis
269 3747 391 3829 populis
407 3747 570 3899 identidem
588 3749 666 3834 gesta
689 3750 910 3843 ignorationem
