2475 4450
356 531 435 616 tat
537 541 596 599 nn
630 505 887 602 uocantur
926 539 1022 601 src.

396 689 436 753 sta
457 686 543 752 DEI
566 690 606 751 est
628 701 771 767 experta,
795 688 893 751 edicto
909 688 1011 763 edito,
1030 697 1084 766 ut,
1099 691 1144 769 qui

398 791 515 851 cunque
534 772 717 835 christianam
744 770 926 849 religionem
940 771 1144 849 profiterentur

396 857 466 918 neci
490 856 694 928 traderentur,
737 858 818 931 quod
848 852 1074 932 exquisitiffimis
1102 867 1144 917 tor

398 941 507 1001 mentis
538 939 711 1002 executioni
732 937 851 1012 datum,
884 939 1055 1002 innumeros
1087 958 1144 1001 mar·

398 1031 479 1100 tyres
505 1019 631 1084 ecclefiae
654 1022 777 1099 peperit.

444 1103 610 1167 Gothorum
635 1124 688 1167 rex
706 1102 1085 1167 ATHtiNARICUS
1112 1124 1144 1183 pa

399 1188 472 1250 riter
492 1188 724 1265 persecutionem
736 1186 957 1249 christianorum
972 1187 1138 1250 instauravit

401 1285 455 1345 ut,
478 1271 630 1350 postquam
651 1273 711 1347 jam
727 1289 800 1349 pace
823 1270 958 1332 diuturna
982 1270 1144 1333 inRomanr

402 1354 528 1431 imperio
551 1354 703 1417 fruebatur
715 1352 853 1427 ecclefia,
867 1356 942 1415 inter
954 1352 1095 1416 barbaros
1110 1352 1143 1414 ho

403 1440 493 1499 etiam
514 1436 711 1516 plurimorum
741 1449 900 1517 martyrum
933 1437 1063 1501 eniteret
1096 1456 1144 1502 con

402 1520 528 1599 stantia,
551 1524 580 1585 ἃ
601 1521 753 1586 fortitudo.

665 1685 705 1795 §-
741 1682 864 1771 mv.

176 1881 343 1970 Neonte-
414 1856 1144 1976 Utcausasecclefiasticussaeculiquar·

156 1995 158 2002 ·
176 1987 243 2042 na,
260 1967 319 2045 Psi·
360 1974 390 2057 ti
407 1974 578 2085 propius
593 1971 841 2086 spectemus,
857 1991 984 2083 prout
1001 1982 1144 2085 paru&

177 2070 298 2196 iiim
360 2087 492 2173 unitas
523 2083 695 2171 ecclefiae
725 2086 882 2169 turbata
914 2085 970 2168 est
995 2085 1144 2171 interni:

176 2214 340 2281 Donatista.
360 2196 665 2295 controversiis,
679 2197 815 2310 primo
831 2198 1009 2282 occurrit
1024 2198 1144 2284 Dom-

178 2319 260 2363 ‘¹¹⁹¹-
361 2313 543 2398 tistarum
566 2309 754 2406 schisma,
778 2309 833 2394 ob
859 2309 1013 2393 crimen
1038 2309 1144 2394 tradi

360 2444 486 2508 torum
510 2444 677 2516 ortum,
704 2424 862 2618 magnis
886 2408 1067 2505 moribhs
1094 2450 1144 2507 au

229 2622 232 2631 ,
363 2536 503 2631 tium,
523 2530 684 2626 &falfis
707 2531 760 2615 do
805 2531 901 2618 rinis
916 2530 967 2618 de
990 2532 1144 2621 ecclesia

359 2645 672 2739 &sacramentis
688 2643 955 2732 cumulatum.

444 2821 520 2882 Cum
541 2820 627 2896 juxta
654 2820 782 2884 edietum
812 2819 1138 2886 DIOCLETIAN

403 2907 474 2968 anni
498 2923 564 2986 303.
585 2901 712 2967 ecclefiae
736 2905 956 2968 christianorum
977 2905 1105 2982 destrui,
1128 2927 1143 2969 a

401 2988 549 3065 scripturae
586 2987 718 3050 comburi
757 2988 920 3063 deberent,
956 2987 1002 3048 hae
1034 2991 1143 3067 undiqu

401 3071 469 3135 sunt
487 3070 649 3148 requisrtae,
671 3084 757 3148 atque
777 3071 922 3134 diriffimis
941 3075 1144 3135 tormentiaci

401 3166 495 3216 tortae.
539 3153 604 3215 Nec
624 3157 733 3232 pauci,
772 3156 861 3217 eriam
888 3175 927 3218 ex
956 3154 1056 3229 clero,
1093 3156 1144 3218 viu

401 3238 557 3314 scripturas
584 3237 790 3313 tradiderunt,
832 3237 903 3300 hinc
930 3241 1092 3299 traditores
1121 3239 1144 3300 di

402 3321 451 3382 cti.
496 3319 803 3382 MENSURIUS
824 3321 976 3399 episcopus
1014 3320 1144 3400 Carthagi

401 3401 497 3466 nenfis
519 3400 606 3477 hujus
628 3405 757 3464 criminis
768 3423 834 3466 reus
847 3405 1004 3482 agebatur,
1023 3422 1113 3481 quam
1124 3404 1144 3466 o‘

402 3505 466 3548 rem
485 3483 570 3547 multi
593 3484 622 3546 se
643 3486 678 3547 ab
704 3492 766 3561 ejus
799 3489 1006 3556 communione
1035 3486 1144 3565 segrege

401 3581 489 3641 runt,
515 3568 590 3630 duce
609 3565 675 3630 ΒΟ
687 3569 717 3630 Ν
726 3570 750 3630 Α
760 3568 786 3630 T
798 3571 825 3633 Ο
848 3592 865 3632 a
887 3570 962 3633 Casrs
981 3570 1076 3648 nigris
1101 3571 1144 3634 Nu

400 3650 498 3713 midiae
519 3650 665 3729 episcopo.
711 3652 784 3713 Cum
803 3654 902 3727 postea
939 3652 1144 3716 cEclulr

400 3730 496 3801 NUS
529 3735 564 3798 in
590 3733 690 3800 locum
718 3734 979 3803 MENSURII
1000 3735 1144 3885 {Pisiopu

1026 3832 1072 3884 art
1094 3838 1123 3884 a·
