2475 4450
187 554 310 632 unsa
336 556 613 617 currffsrurs
647 556 748 619 snc.
766 558 843 620 vri.
867 558 942 635 259

156 659 359 768 lttcLII
385 699 450 766 insti
451 701 940 796 gationeSERGllpatriarchae

177 784 350 863 cpolitani,
384 807 419 850 ac
442 788 542 865 postea
561 775 652 867 t'ypus
685 788 786 851 CON
796 790 815 850 S
827 788 939 852 TAN-

174 868 274 944 TIS,
285 872 404 932 auctore
422 870 586 933 PAULO
599 872 703 934 itidem
713 872 887 948 patriarcha,
899 874 937 935 ad

172 914 385 1028 detrimentum
397 952 699 1038 doetrinaecatholicae
709 970 889 1019 emanarunt.

224 1060 309 1124 ltalia
322 1063 545 1139 imperatoribus
558 1062 709 1137 restituta,
729 1061 768 1128 ub
779 1064 937 1128 infestatio-

175 1164 215 1207 ne
236 1143 388 1207 Arianillni
407 1144 550 1222 pa'ulatim
571 1106 744 1223 respiravit,
772 1148 878 1212 iisdem
893 1162 936 1212 ta-

126 1245 254 1320 Wn
263 1226 347 1289 malis
369 1248 437 1290 cum
455 1233 570 1289 oriente
587 1227 644 1290 fuit
663 1227 828 1306 implicita,
836 1229 937 1296 HO-

127 1281 347 1376 QORIO
375 1330 437 1372 non
460 1309 527 1372 satis
543 1310 594 1371 fibi
616 1324 740 1373 cavente
753 1333 769 1374 a
783 1311 935 1378 fraudibus

174 1392 407 1472 patriarcharum
444 1392 652 1468 orientalium,
685 1392 804 1459 haerefin
826 1415 937 1460 novam

174 1475 368 1539 molientium.
413 1476 449 1537 ln
461 1476 573 1552 reliquo
589 1438 746 1538 occidente
764 1476 887 1553 melior,
900 1478 937 1539 li.

175 1573 225 1622 cet
245 1561 277 1619 in
300 1558 462 1621 barbariem
482 1558 628 1621 inclinans
654 1560 747 1638 magis
770 1563 932 1638 magisque,

172 1642 231 1706 suit
253 1642 350 1704 status
399 1641 496 1704 Africa
518 1641 554 1702 ab
577 1643 691 1704 Arianis
712 1641 871 1706 Wandalis
884 1642 935 1706 li-

174 1713 295 1799 berata,
318 1723 457 1803 Hispania
472 1725 575 1787 eadem
597 1722 646 1788 lue
659 1737 800 1803 purgata,
815 1725 934 1805 regibus
1046 1726 1049 1730 ’

172 1807 352 1871 catholicam
369 1806 541 1886 religionem
557 1806 775 1898 profitentibus.

223 1890 325 1954 Galliae
336 1890 456 1953 ecclesa
469 1891 573 1952 rudem
582 1891 682 1953 floruit
694 1905 807 1970 ,atque
817 1893 849 1953 in
866 1892 937 1955 Ger·
946 1962 950 1969 ,

177 1976 277 2037 mania
295 1972 448 2036 christiana
462 1974 565 2052 religio
590 1988 751 2052 propagata
769 1976 827 2049 est,
857 1976 937 2054 apud

172 2055 387 2136 Westphalos,
411 2057 537 2132 Frisios,
558 2057 711 2134 Francos,
730 2058 840 2133 Bojos,
867 2061 937 2121 Sue-

173 2159 255 2215 vos,
277 2141 407 2204 Saxones
428 2143 483 2202 &c
615 2147 620 2159 '
757 2217 759 2219 Ι
1043 2145 1045 2149 ’

208 2225 256 2287 nt
263 2222 476 2301 nihil-unquam
483 2222 624 2286 fimestius
634 2218 691 2286 fuit
700 2222 836 2298 ecclesrae,
848 2244 936 2302 quam

171 2323 256 2369 nova
278 2305 394 2385 prorsus
405 2305 509 2384 religio
519 2328 537 2369 a
547 2305 615 2368 MA
627 2306 656 2368 H
667 2305 694 2368 U
705 2307 738 2369 Μ
751 2307 773 2369 Ε
785 2307 844 2371 DE
865 2327 938 2369 con·
1050 2323 1054 2331 '

171 2391 292 2464 stituta,
333 2393 361 2452 &
385 2390 486 2451 exorsa
505 2388 564 2451 hoc
589 2388 692 2453 saeculo
714 2391 792 2468 apud
814 2390 935 2463 ArabeS,

173 2472 295 2536 diversrs
318 2473 441 2536 antehac
462 2473 566 2548 sedis,
592 2493 627 2534 ac
649 2472 840 2551 religionibus
855 2474 938 2535 addi-

173 2561 259 2620 sios:
290 2553 353 2618 aliis
375 2554 554 2631 Mosaicam,
577 2554 641 2617 aliis
666 2554 848 2618 christianam
870 2555 938 2618 reli-

174 2642 317 2718 gionem,
356 2637 419 2701 aliis
442 2640 530 2701 etiam
559 2638 754 2717 gentilismum
773 2638 937 2718 profitenti.
969 2715 973 2720 .
1038 2631 1040 2634 ’

174 2725 254 2799 bus;
282 2722 437 2800 feruntque
466 2722 763 2784 minumus
787 2721 935 2799 usquead

175 2824 287 2869 annum
311 2807 379 2866 vitae
400 2805 649 2883 quadragesrmum
674 2801 766 2866 cultui
788 2804 937 2868 idolorum

176 2909 246 2952 cunr
264 2887 416 2950 illeccanis
442 2888 571 2956 vacasse:
588 2889 655 2950 ‘cui
678 2902 776 2949 tamen
796 2889 937 2966 deinceps

173 2973 232 3036 fuit
250 2970 480 3032 infensissimus:
517 2969 586 3032 licet
607 2972 670 3046 ejus
703 2970 805 3047 religio
829 2970 935 3050 multas

175 3052 332 3136 gentilismi
357 3053 571 3131 superstitiones
602 3053 839 3126 conservaverit,
881 3052 938 3117 alia

175 3159 215 3203 ex
238 3135 407 3213 ludaismo,
431 3135 486 3198 alia
499 3157 536 3198 ex
558 3136 766 3201 christianismo
780 3134 934 3214 adoptans.

218 3259 322 3336 Nuper
346 3271 445 3319 tamen
476 3258 601 3319 Corra.
628 3257 881 3320 SCHWARZ
905 3257 937 3316 in

175 3340 368 3404 miscellaneis
380 3339 585 3418 philologieis,
607 3343 636 3402 dt
654 3340 828 3417 theologicis
844 3340 939 3416 fingo.

175 3426 269 3489 larem
285 3423 507 3501 disputationem
521 3423 634 3497 edidit,
657 3426 704 3485 cui
715 3424 830 3484 titulum
842 3423 933 3484 fecit:

175 3511 255 3577 MA
266 3513 299 3570 H
311 3510 389 3570 ΠΜ
395 3512 422 3570 Ε
432 3513 463 3569 D
473 3511 529 3570 Es
553 3505 720 3587 Gnoslicur:
741 3510 773 3568 ln
786 3525 842 3582 qua
855 3524 935 3566 com-

176 3592 271 3666 muni·
306 3588 485 3666 persuasrone
525 3593 665 3663 reJ'etta,
704 3588 816 3650 collatis
845 3589 879 3649 ’8.
908 3585 935 3647 I·
1043 3638 1047 3649 .

174 3672 323 3740 RENlE
334 3672 369 3745 l,
390 3673 441 3734 ubi
454 3673 491 3734 de
503 3671 647 3733 Gnosticis
663 3673 742 3750 agit,
763 3669 933 3732 testimoniis

176 3777 246 3824 cum
266 3755 405 3878 tllcorani
425 3754 611 3903 φιίἱυιιεάῐεέιη2
623 3753 720 3832 locis,
741 3773 765 3817 ε’
784 3751 936 3902 ῦηὲἑὶὲξο.
