2475 4450
196 565 320 643 nosjn
348 571 842 637 contemneretur.
868 568 941 651 283

179 720 258 785 dieta
266 721 352 785 latria
363 722 411 785 seu
422 722 554 784 adoratio
567 720 620 784 soli
629 721 656 785 D
666 722 690 785 E
701 724 728 786 Ο
739 723 857 800 debita,
871 725 945 787 ima-

173 806 293 884 ginibus
311 807 475 887 ,praestanda
497 805 750 885 praescriberetur,
784 806 949 874 concilium¹

174 890 335 953 Nicaenum
357 888 394 951 IL
419 890 622 967 reprobarunt
667 887 730 952 Alia
754 903 854 953 tamen
868 889 945 953 ‘salu-

173 972 305 1035 berrima
315 976 433 1035 decreta
442 972 508 1036 sunt
518 972 617 1046 edita,
631 973 823 1052 damnataque
836 973 876 1036 est
886 972 946 1035 hae.
1054 1038 1056 1041 ,

172 1054 246 1117 reses
276 1054 488 1120 FELICIS
516 1054 680 1137 Urgelitani
705 1102 715 1129 ,
748 1060 943 1136 Adoptiana:

173 1140 283 1201 eadem
298 1138 380 1202 causa
390 1138 449 1214 jam
459 1151 545 1201 antea
555 1142 587 1199 in
596 1138 729 1201 conciliis
739 1140 941 1217 Narbonensi,

175 1222 444 1300 Ratisbonenfique
454 1222 511 1284 fuit
524 1221 652 1285 discussa.

133 1326 135 1332 ·
223 1304 428 1368 InGerrnania
437 1306 496 1367 hoc
505 1303 608 1368 saeculo
620 1304 747 1384 plurima
757 1303 813 1370 alia
823 1306 943 1371 fuerunt

175 1387 306 1452 concilia
321 1391 353 1449 in
376 1390 464 1458 variis
477 1386 576 1451 causis„
619 1389 666 1451 nd
686 1388 810 1467 praesens
831 1392 943 1455 institu-

174 1488 243 1535 tum
253 1471 432 1551 singulariter
442 1472 731 1533 commemorandum
743 1472 783 1533 est
793 1472 945 1536 Germani·

177 1553 765 1628 cumconttaADELBERTUM,
795 1531 1104 1636 &orn-Aetre

175 1638 214 1702 Μ
225 1638 249 1700 Ε
259 1638 289 1701 N
299 1637 359 1701 TE
372 1636 406 1700 Μ
418 1635 505 1714 paulo
528 1637 592 1714 post
606 1638 639 1699 in
655 1635 782 1699 concilio
803 1639 940 1700 Romano
957 1615 1075 1734 “QQQ

177 1721 356 1796 danmatos,
381 1721 418 1782 de
443 1720 547 1798 quibus
561 1720 745 1800 paragrapho
765 1723 944 1800 praecedenti

178 1805 328 1874 diximus.¹

229 1888 295 1951 Nec
309 1885 375 1949 sunt
392 1886 626 1965 pretereunda,
656 1886 757 1965 quaeC
769 1906 944 1953 Anonos
1071 1934 1073 1937 -

179 1970 226 2036 M.
241 1989 418 2048 congregare
429 1968 560 2042 solebat,
582 1969 788 2047 provecclesra,
803 1991 837 2033 ac
849 1972 945 2034 incre-

178 2067 283 2117 mento
301 2052 460 2131 religionis.
505 2053 554 2114 Sic
572 2051 742 2115 Genavense
754 2056 945 2133 congregavit

178 2138 214 2199 in
228 2136 426 2217 defensionem
437 2133 562 2197 ecclesrae
572 2134 733 2211 Romanae,
745 2134 772 2197 D
782 2134 805 2197 E
817 2136 836 2200 S
846 2136 860 2197 Ι
870 2136 897 2199 D
908 2134 945 2198 E·

180 2219 210 2285 R
223 2219 273 2283 IU
285 2219 320 2284 Μ
332 2217 593 2296 Longobardorum
603 2237 703 2295 regern
724 2219 810 2280 armis
834 2221 945 2281 coerci-

179 2321 271 2367 tutuo.
316 2300 501 2366 Duriacensra
520 2301 600 2374 duo,
616 2300 859 2376 Wormatiense,
876 2300 945 2380 Lip.

183 2385 347 2460 stadiense,
378 2383 622 2446 Paderbornensra
643 2383 703 2446 duo
727 2383 765 2445 ob
785 2385 943 2459 Saxones,

146 2476 148 2479 ’
183 2465 872 2547 eorumqueduceleTIKINDUM,
901 2487 946 2529 re-

177 2573 256 2616 ·cens
268 2553 305 2615 ad
318 2550 408 2613 fidem
428 2548 606 2623 conversos,
634 2550 665 2610 in
678 2549 775 2612 officio
791 2552 946 2613 continen-

184 2636 263 2711 dos,
287 2633 366 2712 sacra
389 2635 466 2711 apud
486 2653 537 2696 eos
557 2633 740 2711 ordinanda,
760 2631 945 2714 religionem·

181 2739 242 2802 que
260 2717 443 2782 christianam
458 2714 666 2779 stabiliendam.

422 2821 464 2931 r.
500 2817 651 2906 cvn.

194 2949 422 3062 Scriptores
436 2949 681 3037 ecclefiastici
703 2948 784 3038 hoe
801 2949 944 3039 saeculo
959 2920 1104 3020 Doctores

133 3078 228 3149 'rem
260 3066 513 3149 christianam
550 3061 741 3149 adversus
778 3061 945 3151 haereies
959 3038 1104 3186 3ξὲζῇ

133 3176 300 3261 strenue
320 3198 532 3288 egerunt,
563 3200 609 3261 ec
635 3173 826 3288 dogmate
851 3174 944 3262 illu·
959 3203 1090 3284 posteros

135 3287 343 3376 strepunt:
381 3290 623 3401 primusque
653 3287 693 3374 S.
715 3287 945 3480 {ornnes
959 3289 1104 3350 transmit.

135 3395 402 3506 Damascenus
425 3399 604 3512 Systeme
633 3397 729 3484 theo
746 3401 913 3512 ogicum
930 3380 1071 3498 ,Μ

136 3507 222 3596 hoc
244 3510 363 3596 ritulo
379 3509 574 3626 dignum,
597 3512 642 3596 in
664 3509 778 3595 libris
801 3508 854 3595 de
876 3537 947 3597 or-

138 3621 324 3708 thodoxa
337 3621 416 3709 fide
432 3621 567 3725 dedit,
582 3619 813 3740 praeludens
829 3619 947 3710 theo-

137 3731 250 3852 logis·
264 3732 518 3824 scholasticis,
822 3811 877 3929 Q

184 3909 209 3918 .,
875 3863 909 3918 e
983 3858 987 3865 ·
