2475 4450
178 540 297 600 rosc
323 536 600 599 caunetum.
622 538 944 622 sunxvnnam

180 687 286 763 fuisse,
314 664 402 767 atque
428 688 554 751 amintam
575 685 795 752 CHRISTI
813 686 940 753 extitisse

143 794 146 798 ·
180 783 251 835 ante
263 770 498 834 incarnationem
509 792 517 834 ε
528 772 617 850 -quod
627 772 707 834 idem
720 771 743 834 E
755 792 786 835 u.
803 771 939 835 ROW-

133 903 135 909 -
179 854 276 921 LER
298 854 453 933 episcopus
479 854 645 918 Gsocestriae
671 856 789 930 tenuit,
813 855 941 932 putavit-

180 956 261 1017 que,
284 935 760 1017 CHRISTUMunigenitum
779 936 868 1001 Dii-s
887 937 939 1000 m.

179 1019 255 1083 lium
268 1018 427 1083 secuudum
440 1018 598 1084 humanam
611 1033 745 1084 naturam
760 1021 849 1083 etiam
869 1020 939 1083 ideo

180 1104 266 1178 dici,
293 1104 373 1182 quod
386 1122 403 1165 a
417 1103 501 1166 Patre
523 1104 558 1166 fit
572 1116 677 1178 natus,
699 1117 733 1167 ut
747 1105 823 1167 inter
844 1102 941 1166 homi·
1016 1133 1028 1154 x

179 1206 234 1284 nes
254 1197 339 1263 pater
349 1185 444 1284 filium
462 1188 565 1285 gignit.
609 1186 683 1285 Quae
695 1186 769 1250 solet
788 1186 939 1249 esseSoci·

177 1288 340 1417 nean
354 1268 550 1431 *nane
566 1268 941 1430 turm-tritt:

140 1483 142 1486 ψ
180 1435 280 1499 dendo
300 1435 377 1504 hanc
402 1435 584 1501 sententiam.
626 1435 736 1498 Contra
767 1454 840 1513 quos
863 1435 937 1498 dum
987 1448 989 1452 ‘

176 1518 468 1586 Wrcurnuus
509 1516 939 1585 SCHERLOCKIUS

181 1606 315 1681 pugnat,
333 1600 445 1680 ipsein
464 1599 672 1682 Tritsieisinum
691 1601 821 1664 deflectit
839 1601 941 1662 Carte-

179 1683 260 1746 nano
282 1685 429 1766 principio
443 1683 538 1752 sunto
549 1728 558 1760 ,
571 1685 676 1752 animae
697 1694 832 1757 naturam
844 1684 939 1748 infeo-

178 1767 321 1847 gitatione
344 1766 516 1842 consistere,
538 1768 683 1838 unitatem
703 1766 888 1835 numericam
899 1783 938 1828 ex

179 1848 358 1913 conscientia
368 1852 578 1928 cogitationum
598 1850 797 1925 desumend03
816 1850 879 1924 ita,
892 1860 937 1925 ut,

161 1992 163 1995 Α
179 1932 202 2009 si
217 1946 276 1996 tres
291 1934 382 1998 creati
403 1933 518 2011 spiritus
540 1934 736 2014 cogitationes
755 1932 820 1995 suas
834 1943 939 2004 mutuo

148 2079 152 2084 ,
179 2034 264 2093 reque
285 2016 416 2093 cognitas
434 2015 598 2089 haberent,
619 2031 745 2080 numero
767 2022 827 2077 una
848 2012 941 2076 essent

179 2099 295 2165 anima:
318 2111 406 2185 atque
428 2097 862 2185 ammanuensium
881 2094 941 2168 iffi
1057 2180 1060 2184 .

152 2245 155 2248 ,
178 2181 286 2252 [tatuit

220 2297 940 2384 FeruntirrteraliosJus,BsNGHsMUM
1072 2370 1075 2381 y

146 2382 380 2447 »defenfionem
421 2385 506 2451 Scn
517 2407 534 2449 n
544 2408 564 2449 a
575 2409 594 2448 c
607 2405 627 2452 n
638 2404 657 2448 c
668 2405 712 2451 nr
728 2406 740 2447 r
776 2382 937 2462 suscepisse.

179 2466 257 2530 Eum
284 2480 382 2529 autem
406 2467 478 2536 dum
510 2471 665 2551 impugnat
685 2464 938 2542 usottTH,
1013 2485 1016 2491 ·

179 2548 366 2614 distinetione
387 2550 574 2634 personarum
598 2550 719 2626 sublata,
743 2569 854 2613 meram
866 2547 941 2612 rela-

146 2663 150 2666 ·
177 2633 292 2697 tionem
313 2633 518 2710 admittendo,
534 2636 567 2697 in
588 2632 840 2697 Sabellianisinum
867 2633 941 2696 inci·

179 2715 245 2790 dit,
265 2727 359 2788 totam
380 2736 449 2780 cum
472 2715 684 2806 Patripaffiau'm
699 2716 876 2788 Trinitatem
895 2715 942 2779 in-

178 2809 329 2873 carnatam
348 2797 485 2869 dicendo.

226 2909 312 2974 Idem
328 2908 392 2973 aliis
407 2910 517 2974 accidit
539 2911 572 2973 in
586 2909 691 2991 Anglia
711 2908 772 2976 hoc
793 2920 938 2993 tempore,

178 3009 366 3056 interrorem
395 2994 473 3056 circa
494 2992 670 3061 Trinitatem
693 2993 895 3074 impugnando
907 2994 941 3056 in

180 3077 360 3139 contrarium
378 3075 537 3138 inciderint
547 3074 640 3154 usque
651 3076 696 3139 ad¹
711 3077 942 3156 Anthropomor·

179 3157 336 3238 phismum.
380 3158 518 3237 Neeipse
537 3158 729 3223 BULLUS
752 3159 819 3223 satis
844 3159 881 3222 ab
903 3160 942 3221 A·

180 3244 270 3305 rianae
292 3241 405 3305 haeresis
424 3241 584 3320 suspicione
604 3240 680 3306 liber
705 3241 753 3305 est,
805 3241 872 3306 Nec
895 3239 941 3304 ul-

180 3323 228 3388 sus
243 3325 284 3388 esi
298 3345 378 3388 error
394 3326 472 3388 circa
483 3324 661 3389 Trinitatem
674 3325 851 3388 anteriorum
867 3335 941 3386 tem-

201 3407 203 3413 ’
224 3427 307 3482 rum,
330 3409 382 3486 qui
402 3427 465 3471 non
480 3407 570 3471 hodie
587 3426 627 3471 ex
651 3405 814 3471 calvinistis
838 3406 940 3470 desen·

179 3427 260 3554 series
272 3490 308 3553 sn
326 3493 428 3555 nactus
444 3510 506 3554 non
520 3493 552 3553 in
570 3489 777 3573 Angsiasolum
787 3534 798 3567 ,
810 3489 861 3553 sed
871 3486 942 3553 aiibi

166 3574 295 3647 etiam,
320 3575 463 3654 imprimis
482 3573 654 3657 inBelgio,
680 3572 732 3638 ubi
755 3574 845 3656 Pau
859 3591 941 3635 cue

142 3687 146 3696 ·
182 3657 370 3722 MATHY
387 3677 501 3722 novrum
521 3667 725 3722 commentum.
740 3655 887 3737 protulit,
907 3657 941 3718 in

172 3739 268 3807 ’ῬᾶΠο
284 3751 387 3810 *soum
411 3740 565 3892 ῆέῒῑῑὲὶὼ
578 3741 783 3811 Dimum]
794 3784 814 3816 ς·
830 3737 941 3805 Filium

173 3868 187 3877 -
522 3841 540 3893 e
558 3843 581 3906 4
789 3832 898 3902 eutem,
