2475 4450
319 530 396 601 160
467 541 526 596 un
554 537 822 596 nocturna
847 538 937 596 stc.
1057 571 1067 582 .

358 686 400 751 ad
420 683 579 749 concilium
600 689 719 761 vocati,
749 703 813 747 non
846 698 1041 759 comparere,
1073 679 1118 745 sed

359 770 511 833 Serdicam
538 771 728 833 advenientes
761 768 900 846 privatim
931 764 1117 841 manserunt,

353 853 578 921 communicare
597 872 665 916 cum
689 850 816 913 concilio
840 849 1059 923 denestantes,
1078 850 1119 910 ni-

289 925 293 942 *
358 931 1119 1010 liATHANASIUScumaliisdeposrtisepi-

357 1015 456 1097 scopis
476 1018 691 1081 excluderetur.
1071 1038 1074 1042 ·

400 1100 499 1163 Patres
522 1100 642 1163 concilii
664 1099 739 1161 nihil
751 1102 841 1179 magis
855 1099 1018 1177 optabant,
1034 1116 1116 1178 quam

356 1194 393 1248 nt
412 1185 450 1247 ad
470 1184 629 1248 concilium
657 1182 810 1246 Eusebiani
831 1186 1006 1258 venientes,
1038 1203 1117 1245 accu-

356 1266 484 1330 sationes
506 1266 569 1332 suas
599 1268 774 1347 proferrent
829 1266 1012 1329 Obtulerunt
1034 1266 1116 1327 etiam

355 1368 609 1442 noyumexamen
628 1353 660 1414 in
685 1350 808 1413 causaS.
832 1346 1117 1412 ATHANASII

357 1434 534 1512 inlEgypto
559 1434 787 1510 instituendum
810 1432 859 1493 sed
869 1432 913 1493 illi
931 1430 1119 1510 Philippopo-

357 1513 415 1578 lim
441 1516 633 1593 secesserunt,
667 1517 764 1595 ibique
795 1514 992 1591 JULlUM
1017 1534 1119 1593 papam

358 1598 455 1678 ipsum
478 1621 546 1662 cum
568 1600 631 1662 aliis
654 1601 828 1661 damnarunt
854 1597 961 1659 litteris
981 1597 1116 1677 publicis,
1148 1607 1152 1684 l

358 1682 465 1759 quibus
494 1682 703 1743 confessionem
721 1682 791 1743 fidei
814 1700 876 1741 non
899 1680 974 1741 adeo
1002 1700 1117 1759 pravam

355 1764 558 1838 addiderunt,
594 1777 788 1841 praeterquam
811 1762 891 1841 quod
917 1783 1034 1827 vocem
1057 1784 1118 1826 con-
1142 1795 1152 1824 ·.

347 1841 553 1925 fitlfiantialis
570 1866 632 1906 non
658 1845 807 1908 adhibent.

398 1927 496 1989 Patres
514 1940 611 1990 autem
624 1928 744 1991 concilii
755 1929 952 2005 Sardicensrs‚
977 1933 1077 2009 quoad
1088 1929 1119 1992 fi·

355 2009 426 2073 dem
446 2011 510 2088 post
539 2010 741 2076 definitionem
766 2013 940 2088 Nicaenam‚
972 2014 1051 2075 nihil
1070 2014 1117 2077 ad-

356 2093 490 2156 dendum
511 2093 576 2158 sunt
599 2097 673 2171 rati,
702 2115 759 2157 nec
777 2094 927 2169 tulerunt,
959 2099 1042 2173 quod
1061 2100 1120 2175 qui.

354 2176 425 2239 dam
443 2176 650 2258 susceperunt,
684 2191 718 2242 ut
735 2179 773 2240 de
798 2178 856 2240 fide
879 2182 1028 2242 tractatio
1044 2180 1119 2242 insti-

355 2271 498 2323 tueretur.
542 2261 580 2324 Et
600 2264 672 2324 dum
696 2263 794 2341 postea
817 2262 901 2336 hujus
924 2264 1046 2326 concilii
1069 2285 1119 2324 no·

270 2388 278 2408 .
354 2345 436 2406 mine
456 2343 567 2423 aliquid
588 2347 626 2407 de
647 2345 706 2407 fide
727 2348 758 2406 in
775 2345 926 2423 publicum
948 2349 1053 2418 venit,
1071 2368 1117 2425 pa-

353 2438 415 2490 tres
436 2428 556 2489 concilii
570 2428 758 2489 Alexandrini
772 2429 822 2490 sub
843 2430 870 2490 S.
893 2429 996 2491 nTH
1007 2431 1030 2491 l
1042 2431 1071 2490 N
1083 2432 1116 2491 A.

353 2510 437 2573 810
454 2510 679 2588 suppositionem
698 2511 798 2588 scripti
820 2509 898 2572 illius
918 2511 986 2573 sunt
1013 2527 1114 2574 conte-

350 2588 425 2656 stati.
471 2593 560 2653 Causa
589 2606 687 2654 autem
710 2595 737 2656 S.
760 2593 1056 2673 ATHANASH
1077 2595 1113 2656 est

351 2674 539 2747 examinata,
571 2675 701 2752 itemque
728 2676 995 2740 MARCELLI
1021 2677 1112 2758 krey-

351 2756 440 2829 rani‚
470 2759 498 2817 &
523 2755 667 2820 aliorum:
691 2755 723 2818 hi
745 2758 870 2820 absoluti
889 2759 978 2834 sunt,
1015 2772 1113 2824 contra

355 2857 431 2898 vero
456 2837 608 2900 Eusebiani
618 2843 759 2918 praecipui
776 2841 927 2905 turbarum
947 2845 1112 2906 incentores

351 2919 385 2982 in
405 2919 525 2984 ecclefia
549 2922 652 2998 justam
682 2925 903 2987 damnationem
927 2938 1109 3006 acceperunt

396 3003 530 3066 Canones
553 3006 672 3069 concilii
699 3005 786 3082 hujus
817 3007 947 3071 celebres
969 3009 1059 3086 sunt,
1081 3029 1111 3072 ac

217 3122 220 3127 >
351 3084 428 3166 saepe
449 3088 611 3151 canonibus
639 3090 769 3152 Nicaenis
787 3093 900 3166 juncti,
939 3094 1003 3168 ejus
1023 3097 1111 3154 nomi-

349 3188 391 3232 ne
406 3183 558 3233 venerunt.
583 3172 730 3247 Quoniam
747 3193 840 3248 vero,
864 3175 1056 3239 orientalibus
1065 3177 1109 3238 alu

348 3251 555 3328 scedentibus,
591 3255 822 3318 occidentalibus
842 3256 973 3335 patribus
997 3272 1110 3322 tantum

348 3336 479 3398 constitit
492 3335 551 3397 hoc
574 3337 753 3413 concilium,
779 3359 833 3417 pro
849 3343 1036 3404 oecumenico
1052 3361 1110 3403 non

347 3417 491 3492 habetur,
517 3417 587 3480 licet
598 3432 696 3484 tantus
716 3441 855 3486 numerus
869 3435 987 3501 patrum
1004 3426 1038 3487 in
1052 3425 1110 3506 ple·

347 3501 448 3579 risque
465 3505 655 3566 oecumenicis
678 3504 812 3568 conciliis
838 3525 904 3567 nou
922 3506 1021 3571 fuerit

388 3647 446 3712 SO
458 3648 481 3711 C
491 3649 518 3712 R
528 3650 552 3712 A
564 3650 590 3711 Τ
602 3651 626 3712 E
637 3652 655 3713 S
692 3653 831 3729 testatur,
860 3655 925 3733 post
952 3656 1108 3721 concilium

335 3729 410 3808 „hoc
428 3734 668 3803 comunionem
686 3737 832 3804 orientem
856 3741 935 3804 inter
942 3783 963 3888 ἃ
963 3742 1108 3890 essessa·
