2475 4450
269 553 349 634 434
425 550 484 610 ua
528 546 791 608 nocuum
831 545 935 608 un

356 699 537 778 Frequenter
550 693 672 760 fuerunt
692 694 732 757 ad
750 693 845 759 finem
857 694 1019 775 firperioris
1034 692 1072 760 [a

312 782 375 850 culi
386 783 465 862 apud
481 779 698 862 protestantes,
720 780 772 856 qui
789 777 909 843 extases
925 778 1069 877 fingentes,

272 891 276 898 ·
311 880 365 932 aut
376 864 474 928 nescio
485 881 545 942 quo
554 863 655 941 spirim
669 860 764 939 pallae,
775 861 915 940 personae
926 862 1071 941 praelemu

311 949 453 1029 sequioris
460 943 895 1025 sexus,variaceuprophetico
906 942 1013 1025 spiritu
1020 965 1072 1025 pro·

312 1031 471 1104 ferebant,
484 1049 548 1109 quae
565 1026 777 1092 controverlias
788 1030 983 1093 invexerunt
993 1047 1072 1105 acret,

313 1116 378 1180 aliis
405 1112 496 1176 fidem
521 1110 730 1174 adhibentibus
751 1155 762 1188 ,
800 1111 869 1175 aliis
894 1112 1073 1192 negantibus

312 1198 396 1264 Inter
410 1195 481 1259 alias
503 1194 647 1258 celebrior
661 1207 725 1257 erat
741 1193 854 1258 nobilis
871 1195 1002 1259 foemina
1020 1193 1075 1271 Jo-

314 1304 335 1345 ι
349 1303 361 1342 r
374 1301 397 1341 a
408 1298 432 1341 u
445 1300 467 1340 n
492 1279 531 1341 de
553 1276 733 1355 Allenburg‚
758 1278 798 1353 in,
811 1276 1020 1343 Enthusrasmo
1033 1298 1075 1343 va·

313 1362 539 1443 riaproferens‚
568 1380 633 1439 quae
650 1359 1075 1439 praesertimrestiturionireu.

314 1467 422 1529 porum
436 1444 609 1525 exspematae
636 1443 754 1505 etiama
777 1443 826 1506 Se
839 1463 856 1506 u
868 1461 894 1505 ro
907 1465 926 1506 u
937 1464 988 1507 uo
1006 1463 1075 1521 con·

315 1529 467 1611 gruebant
516 1526 618 1592 Minus
633 1522 683 1589 hic
700 1526 865 1605 impostura
876 1521 1007 1608 suspicio
1016 1527 1076 1593 ade·

315 1628 382 1689 rat,
403 1612 485 1693 quod
499 1608 609 1674 nullius
631 1610 781 1673 commodi
793 1605 890 1689 gratia
906 1609 1076 1676 nobilisfoe

314 1698 397 1759 mina
421 1696 474 1758 ista
497 1695 606 1773 agitare
627 1692 740 1757 neceffe
761 1692 894 1757 habebat
908 1695 1076 1773 ‚quemad-

314 1779 438 1842 modum
455 1779 488 1839 in
507 1775 655 1852 ejusmodi
672 1772 806 1844 foemlnis.
821 1775 905 1841 fraus
917 1795 981 1841 non
992 1778 1075 1844 infre-

315 1862 566 1941 quenterdetetta
581 1851 865 1939 hoctemporefuit.
912 1860 1075 1926 Revelatio·

313 1963 368 2008 nes
386 1944 532 2020 ejusmodi
546 1941 749 2021 inspiratarum
775 1941 970 2023 personarum
993 1946 1076 2025 potii

312 2028 417 2092 simum
435 2042 560 2105 regnum
567 2023 762 2089 millenarium
778 2027 966 2092 attinebant:
989 2031 1072 2093 etiam

312 2111 365 2174 hic
377 2109 497 2188 sulpicio
510 2110 543 2171 in
567 2109 678 2171 Seirt
690 2130 705 2171 u
717 2131 736 2173 u
748 2125 769 2173 u
783 2129 813 2173 m·
837 2110 984 2190 cadebat,
1008 2136 1072 2197 qua.

315 2194 336 2258 st
353 2192 490 2259 credulus
504 2192 555 2257 hic
570 2191 649 2256 effet.

361 2297 727 2370 possusumus
749 2299 808 2372 hoe
833 2297 961 2391 seculo,
990 2326 1068 2395 quau

313 2387 374 2463 jam
394 2385 541 2466 superiore
561 2388 701 2452 invehere
724 2403 892 2460 tentaverat
911 2397 1069 2462 craffiorem
1098 2400 1101 2419 ¹

316 2468 528 2546 Chiliasmum‚
554 2466 787 2540 cumsuauxore
807 2481 893 2542 omni
919 2482 1069 2545 modola-

315 2551 401 2615 bilire
423 2568 545 2618 conatus
556 2555 614 2630 est,
641 2576 698 2620 nec
713 2558 871 2625 defuerunt
883 2563 993 2628 aileclae
1011 2585 1068 2627 non

276 2635 279 2640 ’
313 2634 408 2698 solum
423 2654 462 2698 ex
486 2635 683 2715 lutheranis,
711 2639 868 2707 sedetiam
900 2645 1067 2712 Calvinistis.

298 2717 593 2824 omotario,
624 2741 711 2825 qoem
733 2726 855 2803 ferunt,
870 2733 1015 2805 {errorem
1035 2734 1069 2794 de

303 2802 570 2882 duom-remo
587 2835 717 2882 παντων
738 2821 787 2885 seu
813 2844 914 2888 rerum
942 2831 1067 2893 omnium

312 2897 493 2965 restitutione
512 2903 669 2980 adjunxit,
690 2906 756 2983 post
776 2903 912 2986 tempora
925 2911 1066 2987 daemoni,

314 2985 343 3046 ἃ
355 2983 499 3048 damnatis
511 2988 661 3051 animabus
674 2987 882 3052 liberationem
892 3036 903 3066 ,
913 2996 943 3055 ἃ
953 2995 1068 3058 felicita·

313 3077 374 3128 tem
390 3066 547 3145 pollicitus.
592 3070 689 3146 Quam
704 3072 867 3135 dominam
881 3080 976 3154 magis
991 3079 1070 3158 sylle·
1103 3138 1106 3161 ,

312 3151 420 3212 matice
432 3153 600 3230 nuperrime
618 3155 702 3217 Luu
715 3175 734 3215 o
748 3175 775 3216 v.
794 3155 1070 3224 GERARDUS

313 3233 455 3295 inducere
487 3249 610 3298 conatus
641 3237 698 3299 fuit
718 3242 896 3314 argumentis
919 3245 1021 3306 variis*
1034 3262 1070 3308 ex

313 3314 453 3394 scriptura
464 3317 585 3392 divina,
600 3321 728 3383 rationes
744 3322 891 3400 oppositas
903 3345 1012 3405 magno
1025 3348 1073 3408 co·

313 3411 386 3460 natu
410 3399 555 3480 revellens
576 3421 584 3464 τ
617 3401 702 3465 aliter
722 3406 844 3466 omnino
864 3425 899 3469 ae
919 3408 1002 3472 Pur
1014 3432 1029 3474 r
1042 3432 1074 3472 a·

315 3499 358 3543 se
371 3500 395 3541 rr
407 3503 418 3541 1
429 3503 447 3545 u
459 3503 473 3545 s
486 3529 496 3557 ‚
513 3487 564 3562 qui
576 3486 758 3549 oc'cafionem
774 3490 898 3566 arripuit
923 3513 942 3554 a
964 3494 1071 3558 revela-

314 3563 444 3627 tionibus
457 3566 562 3644 puellae
573 3568 681 3632 nobilis
697 3569 735 3632 de
750 3569 919 3653 Aiienburg.
966 3577 1023 3642 Coi
1033 3591 1072 3642 ta·

311 3666 381 3708 men
393 3648 535 3713 accessere
544 3653 664 3732 propria
676 3697 687 3729 ,
706 3673 742 3716 ac
757 3657 860 3719 uxoris
872 3657 930 3723 suae
940 3659 1070 3737 somnia,

308 3749 372 3810 que
392 3731 526 3811 pluribus
546 3733 661 3820 seriptis
681 3736 836 3826 exposuit,
852 3760 889 3813 nc
906 3744 1070 3893 ἰιὲἔὲἓὶιηε
