2475 4450
158 533 280 611 rosc
303 530 577 594 onnrsrnn.
601 536 696 594 suc.
714 532 758 594 rr.
815 529 886 611 305

127 699 222 760 tunc,
245 685 295 763 qui
315 684 346 745 in
368 683 413 744 his
434 681 558 765 studium
578 695 724 762 ponentes
736 704 753 757 ‚¹
773 700 807 747 ac
823 703 889 750 etun

131 770 211 841 diti,
230 768 414 828 innovationi
434 768 596 845 cuicunque
615 766 793 830 obstitiilent
829 765 891 847 Qui

127 852 164 913 in
175 851 261 930 sacris
272 851 359 912 etiarn
379 848 503 910 scientiis
519 864 708 912 monumenta
721 851 888 930 ediderunt,

129 948 222 1011 atque
234 932 341 995 sacram
351 930 553 1009 explicarunt,
568 929 600 995 bc
611 929 648 994 ad
658 932 786 1011 posteros
797 947 891 999 trans·
965 965 968 975 ·

129 1016 274 1079 miserunt
295 1016 465 1076 doctrinam.
509 1016 544 1077 ln
560 1015 738 1078 monasteriis
762 1016 889 1089 scientia

129 1113 208 1163 tunc
230 1100 407 1171 floruerunt,
431 1099 462 1158 in
478 1098 633 1168 Germania
658 1099 833 1183 prasertim,
862 1106 892 1167 ἃ

127 1177 253 1256 Gallia,
276 1179 402 1261 indeque
414 1175 549 1254 educati,
572 1193 660 1259 atque
671 1182 776 1245 litteris
800 1184 892 1250 sacra·

128 1265 259 1328 'tioribus
290 1264 423 1325 innutriti
454 1256 580 1339 pastores
601 1264 663 1341 fere
684 1259 892 1343 repetebantur
953 1282 956 1290 “

130 1362 263 1421 tamnes,
285 1349 335 1425 qui
352 1337 525 1407 scholasticis
547 1340 690 1427 paulatim„
706 1350 794 1409 etiam
819 1352 894 1413 veli.
1008 1403 1013 1410 ,

127 1430 296 1495 tationibus
315 1421 466 1508 exercitati
478 1425 619 1491 subtiliter
627 1429 855 1508 perspexissent,
872 1434 894 1497 st

131 1510 306 1594 quidavitae
330 1511 480 1573 traditioni
503 1512 655 1575 adversum
677 1508 837 1591 irreplrllet.

185 1611 422 1681 NO'TKERI
445 1617 528 1693 duo,
559 1618 633 1681 alter
651 1621 773 1694 ineunte
794 1622 895 1687 adbuc

133 1699 272 1771 laculo,
317 1697 389 1761 alter
421 1702 548 1765 exeunte
576 1702 703 1784 floruit,
738 1702 788 1767 ille
823 1706 896 1770 dum

132 1785 218 1846 vixit
226 1773 337 1845 scholas
345 1776 564 1845 'San-Gallenses
579 1799 651 1862 tunc
661 1785 790 1850 celebres
805 1791 894 1866 rexit,

135 1866 190 1929 hic
202 1866 271 1928 inde
282 1864 359 1944 episc
401 1887 432 1926 us
445 1863 797 1944 Leodien‘fisfatlusfuitt
818 1885 898 1935 uter·
931 1917 935 1922 -

138 1953 241 2027 quein
260 1949 354 2011 studio
390 1950 580 2031 cripturarum
594 1950 716 2014 illustris.
760 1953 805 2016 De
818 1960 898 2033 prio·

137 2053 173 2095 re
189 2025 282 2094 edidlt
296 2030 381 2093 nobis
391 2031 441 2111 Bu
453 2030 470 2091 a
483 2052 515 2095 n.
539 2032 561 2094 B
573 2031 595 2095 E
607 2033 721 2097 ZIUS
742 2040 897 2101 tractatum
915 2017 951 2081 T·
964 2021 991 2084 Ῑ·

138 2106 180 2177 (le
199 2111 353 2177 illustribus
374 2109 465 2188 viris,
487 2117 538 2191 >qui
559 2135 597 2177 ex
622 2118 786 2180 intentione
804 2118 897 2182 sacras
911 2102 1026 2169 Ama·

138 2190 295 2283 scripturas
308 2197 516 2275 exponebant,
538 2211 589 2260 aut
598 2219 636 2261 ex
646 2200 797 2265 occasione
813 2198 936 2280 quas-r·
956 2203 983 2251 1.

140 2282 211 2344 tiam
233 2274 387 2343 sententias
420 2282 525 2351 divinae
548 2284 726 2345 auctoritatis
755 2284 900 2363 explana.

139 2366 222 2428 bant.
247 2364 332 2425 Unde
363 2364 460 2425 uidem
477 2363 614 2441 colligere
624 2365 716 2441 licet,
739 2388 824 2444 quarn
834 2368 899 2431 lue·

138 2446 182 2512 rit
202 2441 265 2525 apis
284 2384 399 2520 sedula,
430 2440 488 2507 mel
510 2443 604 2508 divini
628 2444 730 2521 verbi,
757 2442 900 2530 sacraque

142 2531 285 2593 doetrinae
302 2529 431 2606 undique
452 2528 601 2609 colligens.
645 2528 789 2611 Inscripsit
800 2548 900 2598 autem

142 2611 313 2691 opusculum
329 2613 348 2674 S
361 2613 383 2673 n
393 2612 415 2673 L
426 2613 453 2674 O
464 2613 498 2673 M
509 2612 575 2676 ΟΝ
586 2612 600 2675 Ι
623 2606 763 2693 dllcipulo
777 2615 826 2679 luo
839 2618 901 2695 epi·

143 2697 236 2774 scopo
266 2687 492 2769 constantiensi,
525 2699 607 2772 cujus
638 2710 741 2760 extant
770 2700 902 2777 quadarn

144 2780 275 2842 carmina
284 2780 316 2839 in
327 2775 500 2840 lectionibus
513 2780 537 2841 C
548 2776 609 2841 AN
620 2774 635 2841 Ι
645 2781 664 2843 S
675 2781 688 2843 Ι
700 2781 712 2842 l
725 2826 734 2854 ,
753 2785 780 2844 8<
797 2782 902 2846 biblio.

143 2862 239 2925 thecis
259 2873 394 2939 patrum:
419 2874 541 2937 quotum
563 2864 593 2923 in
616 2864 712 2941 capite
724 2864 818 2927 statim
830 2887 903 2944 prae.

144 2946 271 3008 mittitur
292 2940 431 3005 confellto
451 2943 520 3004 fidei
540 2945 718 3008 saneriffimae
737 2946 901 3024 Trinitatis,

144 3032 175 3092 ἃ
188 3026 248 3088 obli
270 3027 374 3088 ationis
387 3028 493 3087 amoris
505 3025 589 3090 DEI
602 3072 611 3102 ,
639 3026 824 3107 &proximl‚
841 3034 904 3112 qui.

143 3111 200 3174 bus
221 3047 307 3172 rebus
325 3100 428 3188 religio
449 3106 601 3174 christiana
621 3110 796 3192 continetur.

194 3235 232 3299 In
244 3235 416 3299 monasterio
425 3236 579 3301 Prumiensr
591 3244 679 3304 etiam
690 3238 812 3306 celebris
821 3242 905 3308 sebo.

142 3317 177 3383 la
201 3333 283 3394 erat,
305 3339 361 3396 qua
380 3320 478 3398 plures
491 3322 620 3386 celebres
643 3326 701 3387 viri
721 3327 904 3405 prodierunt,

145 3415 237 3481 atque
246 3403 323 3463 inter
332 3402 387 3465 hos
399 3403 426 3465 R
438 3403 461 3466 E
472 3404 560 3468 GIN
571 3408 598 3470 O
611 3424 619 3470 τ
638 3410 720 3483 cujus
731 3422 812 3472 extat
821 3409 907 3474 chroa

144 3489 241 3549 nicon
263 3483 365 3563 sapius
387 3487 519 3563 editum,
541 3486 644 3552 seriem
667 3493 810 3568 quandam
831 3493 907 3555 chri.

145 3569 305 3631 stianarum
324 3589 420 3631 rerum
437 3571 512 3631 inter
525 3570 580 3633 alia
601 3568 755 3637 exbibens.
778 3575 907 3656 Inlrgnes

147 3653 241 3716 etiarn
263 3648 328 3714 suot
347 3650 415 3714 libri
434 3654 472 3715 de
484 3653 671 3721 ecclefiastlca
694 3654 865 3736 disciplina,
878 3663 907 3723 &

147 3733 295 3813 religione
338 3733 490 3801 christiana
536 3759 669 3806 canones
699 3741 927 3823 concuborum,

551 3815 581 3891 U
785 3831 900 3895 ·&
