2475 4450
182 570 296 625 rosr
319 530 687 648 enrrspunqsnc.
709 567 779 628 vn.
835 550 911 646 273
956 530 961 546 ²

150 716 281 796 plurima
294 712 453 792 perpessus,
467 725 592 775 mortem
605 712 731 791 denique
740 713 826 777 subiit
837 734 914 783 mar.-

152 815 211 879 tyr.
246 800 372 861 Romam
384 797 531 874 profectus
543 798 575 857 in
588 797 715 859 concilio
728 797 913 863 Lateranenli

152 884 374 945 damnationem
395 879 617 942 lllonothelismi
638 883 794 958 promovit
838 882 914 968 lpde

152 966 307 1039 abdudus,
318 964 481 1040 intiepidus
492 982 590 1025 coram
606 963 793 1041 imperatore,
808 962 913 1029 contra

153 1048 291 1121 ecthesin,
303 1066 336 1109 ac
346 1060 458 1125 typum,
469 1066 524 1123 pro
535 1045 594 1107 fide
604 1046 691 1120 stetit
709 1068 744 1109 ac
754 1047 846 1110 multa
856 1068 913 1127 pro

119 1152 123 1159 ·
154 1153 189 1195 ea
204 1131 323 1209 scripsit.
366 1130 444 1191 Tum
462 1128 571 1207 fingula
584 1126 742 1205 theologia
754 1132 850 1208 capita
862 1152 920 1193 ex.

154 1215 278 1294 plicavit
298 1233 306 1275 ε
330 1213 497 1291 primusque
512 1210 722 1289 processionem
744 1214 867 1291 Spiritus
881 1216 911 1279 8.

154 1320 171 1361 a
184 1301 316 1377 Filioque
328 1296 461 1359 defendit
484 1309 587 1357 contra
607 1293 746 1371 Graecos,
770 1297 866 1372 quiin
883 1300 912 1361 S.

154 1381 189 1445 Μ
202 1401 224 1441 a
237 1401 257 1440 a
268 1400 290 1441 τ
303 1401 314 1439 ι
327 1400 349 1439 n
365 1399 383 1440 o
396 1396 472 1455 papa
488 1378 545 1439 hoc
557 1376 734 1454 carpebant,
752 1393 837 1455 atque
850 1381 916 1442 uni.

151 1464 258 1527 versam
279 1464 310 1524 in
331 1463 464 1524 Romana
483 1459 625 1532 ecclesia,
651 1461 698 1522 cui
713 1459 741 1521 se
761 1460 917 1523 addolfi.

152 1566 236 1609 mum
248 1548 276 1609 S.
291 1545 391 1608 Max
405 1565 415 1602 1
428 1566 451 1603 n
465 1563 508 1604 us
525 1541 659 1604 ostendit

201 1646 283 1708 Inter
292 1648 427 1709 dotlores
438 1646 598 1709 monachos
611 1647 639 1709 S.
656 1646 678 1709 C
689 1646 716 1709 Ο
728 1644 788 1707 Lu
800 1644 866 1707 ΜΒ
877 1645 917 1707 ll-

118 1743 120 1747 ’
152 1728 252 1792 NUS
274 1729 399 1793 silendus
423 1750 483 1791 non
499 1730 559 1803 est,
593 1731 643 1808 qui
664 1748 702 1792 ex
722 1728 925 1792 Hiberniam

152 1811 264 1898 Gallias
274 1818 395 1876 veniens
407 1858 416 1888 ‚
429 1816 533 1876 acriter
545 1813 621 1875 mori
631 1812 667 1875 de
678 1811 854 1874 celebrando
864 1832 916 1891 pa-

151 1894 253 1958 schate
264 1894 332 1958 luna
348 1897 460 1959 decima
475 1910 575 1974 quarta
586 1896 690 1958 institit
708 1940 717 1970 ‚
745 1894 844 1957 Galliae
856 1896 919 1975 epi·
989 1942 991 1944 .

151 1978 250 2057 scopis
262 1980 430 2057 neutiquam
448 1980 565 2042 cedens,
611 1980 709 2051 Cum,
729 1990 763 2038 ut
775 1977 916 2055 volebat,

153 2063 285 2126 Romam
299 2064 342 2125 ire
353 2083 415 2123 non
426 2063 536 2141 pollet,
548 2062 646 2140 plures
661 2059 794 2138 epistolas
805 2062 842 2125 ad
857 2061 918 2123 Ro·

154 2147 278 2207 manum
300 2146 471 2222 pontificem
487 2146 592 2218 dedit,
615 2144 702 2204 eoin
723 2156 918 2220 argumento,
1028 2198 1033 2207 .

153 2249 272 2292 morem
290 2228 370 2291 suum
389 2230 559 2291 defendens.
603 2227 694 2289 Erant
707 2226 832 2303 epistolae
844 2220 922 2289 dire.

155 2309 660 2375 eraeadGREGORlUlll-M.
677 2308 778 2371 sedeo
801 2322 919 2371 mortuo

156 2396 229 2458 alias
259 2395 342 2456 dedit
363 2415 488 2457 unacum
520 2391 665 2470 exemplis
689 2392 828 2469 priorum.
873 2391 920 2453 Ad

157 2480 287 2542 eundem
307 2475 673 2548 BONlFriClUlll,
701 2473 850 2552 instigatus
882 2469 933 2537 abx

156 2560 421 2624 AlGULPHO
445 2580 512 2637 rege
542 2558 821 2635 longobardorum,
855 2556 923 2620 scri·
989 2621 991 2625 ,

154 2644 213 2723 psit
225 2665 279 2722 pro
292 2643 457 2705 defenfione
466 2645 554 2707 trium
567 2639 770 2720 capitulorum.
805 2641 920 2716 Parum,

156 2743 193 2791 ut
205 2738 335 2805 apparet,
350 2728 502 2788 instructus
527 2728 557 2785 in
573 2724 655 2787 causa
670 2769 678 2797 ‚
694 2736 797 2785 contra
823 2725 924 2786 conci.

155 2812 231 2873 lium
242 2813 374 2888 quintum
388 2855 398 2882 ‚
423 2812 451 2870 de
467 2809 492 2866 p
502 2807 516 2868 l
527 2809 552 2869 G
565 2808 578 2868 l
591 2807 614 2870 L
626 2806 640 2867 l
652 2806 678 2868 U
691 2805 726 2868 Μ
750 2805 920 2884 invehitur,

160 2893 239 2972 quali
259 2906 359 2970 aperte
371 2892 523 2951 haereticos
536 2890 684 2963 foverint,
698 2910 732 2950 ac
745 2887 863 2951 haerefin
878 2892 923 2951 in-

158 2978 334 3046 currerinta
344 2995 400 3050 qua
409 2986 443 3035 ut
453 2973 481 3034 se
491 2987 605 3050 purget,
617 2991 722 3049 papam
733 2971 784 3034 Bo
798 2992 820 3032 Ν
832 2994 843 3032 r
856 2996 870 3034 r
886 2993 923 3034 a.

160 3078 274 3121 eruar
296 3072 405 3119 monet.
449 3056 570 3118 interim
595 3053 742 3117 collaudat
766 3055 854 3116 fidem
875 3075 924 3117 ec·

159 3141 253 3206 clesrae
265 3142 424 3215 Romanae,
454 3138 540 3215 seque
553 3137 698 3202 cathedrae
721 3137 749 3198 S.
767 3135 924 3201 PETRI

161 3222 388 3289 addistislrmum
421 3220 558 3284 declarat.
614 3220 713 3284 lllulta
736 3217 792 3281 alia
814 3220 925 3299 scripsit

160 3307 272 3388 prosa,
298 3310 326 3370 ἃ
348 3317 443 3368 metro
456 3306 544 3366 etiam
564 3305 597 3366 in
610 3303 719 3366 sacram
730 3301 923 3381 scripturam,

161 3397 190 3456 dc
205 3403 308 3454 contra
329 3389 490 3451 hereticos.

140 3571 142 3573 ,
206 3508 264 3571 Sed
286 3507 447 3586 praeprimis
467 3504 585 3568 laudem
612 3518 781 3579 merentur,
808 3502 927 3584 quae'in

163 3592 372 3654 convertendis
398 3589 564 3652 infidelibus
589 3589 667 3668 apud
690 3587 787 3650 lacum
807 3585 928 3662 Brigam

164 3675 261 3737 tinum
278 3673 380 3751 geslrt,
406 3673 510 3734 eodem
531 3671 598 3734 zelo
622 3691 656 3734 ac
669 3671 697 3733 S.
721 3667 927 3742 GALLUS,

164 3758 216 3840 qui
236 3755 550 3908 magistrumsuumsin
569 3752 686 3820 ltaliam
705 3751 786 3834 sequi
799 3768 929 3902 ponta·

534 3855 556 3910 π
813 3853 894 3916 ena,-
