2475 4450
261 529 263 538 ’
303 563 376 637 174
463 559 519 615 oa
553 559 808 616 uocrnrun
841 554 936 616 suc.

300 702 498 818 facileque
512 707 555 788 in
568 703 793 816 benignum
803 703 962 788 sensum
977 706 1094 789 inter·
1111 724 1114 760 ¹

301 821 451 932 pretori
468 817 585 915 licet,
598 844 690 930 quae
705 818 748 900 in
757 814 834 903 illis
849 815 1020 931 quidam
1027 821 1092 905 no

296 951 450 1017 rerunt.
898 954 901 960 ·
1099 1013 1102 1034 ,

388 1067 417 1129 S.
441 1039 1114 1130 HILARIUScumseseaSauuuuol³

1096 1132 1114 1170 ἲ,

345 1164 397 1211 mr
419 1148 609 1225 arelatenfis,
634 1171 667 1212 ac
680 1148 801 1211 aliorum
811 1146 1087 1225 episcoporum'Ario

343 1250 450 1294 norum
467 1234 500 1293 in
521 1233 614 1295 Gallia
625 1233 831 1295 communione
845 1230 1032 1306 removisset,
1045 1227 1085 1303 illi,

343 1314 414 1377 freti
432 1316 565 1393 potentia
586 1315 736 1389 saeculari,
760 1315 792 1375 in
812 1317 858 1389 jus
874 1328 1018 1377 vocatum
1042 1311 1087 1373 sin·

345 1400 426 1459 dium
449 1400 545 1461 virum
555 1400 634 1477 apud
644 1401 872 1476 imperatorem,
889 1408 924 1457 ut
937 1397 969 1457 in
985 1394 1089 1458 exilium

344 1479 538 1559 pelleretur,
553 1481 721 1545 effecerunt.
773 1478 802 1541 Is
823 1480 854 1537 in
881 1481 1028 1541 orientem
1054 1478 1114 1562 des,

262 1608 263 1613 η
311 1588 318 1593 ·
343 1560 443 1637 letne,
467 1563 592 1639 ecclesrae
624 1565 782 1641 plurimum
806 1560 937 1638 profuit,
966 1560 1109 1636 orthodo,

310 1672 313 1676 ·
344 1662 415 1709 xam
439 1645 528 1706 fidem
545 1666 629 1723 paene
655 1643 811 1721 collapsam
832 1644 867 1704 iis
890 1646 923 1704 in
946 1628 1114 1776 ΙοοὶεμιὶιίῐΕ

346 1726 419 1789 exul
444 1728 586 1803 degebat,
609 1727 758 1804 erigendo,
1099 1729 1114 1750 '¹

388 1810 504 1885 Scripsit
524 1811 556 1868 in
580 1807 670 1871 exilio
694 1808 783 1869 libros
795 1808 832 1867 de
845 1807 1018 1885 Trinitate,
1045 1827 1095 1871 om·

343 1890 427 1951 nium
445 1889 557 1952 calculo
573 1892 732 1970 probatoS,
747 1904 781 1951 ut
796 1889 903 1967 pariter
916 1894 1040 1955 Arianos
1053 1894 1093 1968 ,u

345 1970 526 2035 Sabellianos
554 1975 756 2052 prosterneret.
801 1972 836 2033 ln
848 1971 905 2034 illis
921 1976 1043 2052 quidem
1054 1994 1096 2034 no-

348 2074 420 2119 men
439 2055 526 2117 DEI
562 2058 683 2136 Spiritui
705 2057 733 2118 S.
758 2075 819 2115 non
841 2056 965 2133 tribuit3
1000 2072 1031 2120 at
1048 2075 1096 2119 ren

348 2137 440 2215 ipsam
459 2137 524 2201 satis
556 2140 709 2220 profitetur
733 2137 903 2200 stabiliendo
927 2139 1100 2203 consubstan-

348 2219 449 2284 tialem
469 2222 653 2287 Trinitatem.
697 2221 733 2284 ln
754 2223 785 2282 id
809 2223 936 2285 maxime
964 2225 1098 2297 incubuit,

348 2317 384 2368 ut
395 2306 536 2368 unionem
549 2308 670 2370 orientis
686 2325 752 2368 cum
765 2304 919 2366 occidente
935 2306 1097 2369 restitueret

349 2387 447 2464 Quam
458 2390 500 2451 ob·
516 2411 577 2452 rem
596 2391 703 2451 studuit
715 2387 904 2466 suspicionem
926 2386 1099 2451 Sabellianis·

348 2473 410 2545 mi,
435 2492 490 2549 qua
506 2471 702 2536 occidentales
719 2471 796 2547 apud
820 2469 976 2532 orientales
993 2471 1101 2534 labora·

349 2552 432 2629 bant,
453 2569 591 2630 quantum
601 2553 694 2626 licuit,
709 2552 905 2614 sufflaminare.
930 2551 966 2613 In
987 2575 1054 2616 eum
1071 2552 1100 2613 li·

350 2653 421 2696 nem
429 2634 536 2696 libmm
547 2638 584 2698 de
593 2635 710 2712 synodis
721 2635 891 2712 composuit,
903 2635 1101 2714 interpellatus

349 2717 387 2778 ab
408 2716 551 2796 episcopis
571 2716 661 2780 Gallis
685 2738 758 2793 aegre
780 2717 959 2792 serentibuS‚
996 2731 1101 2781 tantam

348 2798 539 2862 formularum
585 2801 654 2861 fidei
686 2801 848 2860 identidem
896 2800 1101 2877 prodeuntium

349 2880 586 2958 multitudinem
610 2883 680 2944 dum
690 2896 787 2945 autem
799 2883 896 2943 omnia
904 2885 937 2943 in
951 2883 1102 2963 benignam

350 2976 465 3042 partem
484 2967 669 3043 interpretari
688 2967 925 3038 conatur,'inter
945 2964 1018 3029 alios
1034 2967 1103 3029 hanc

349 3046 584 3127 moderationem
606 3047 824 3109 LUClFER
850 3047 1104 3110 Caunum-

350 3147 376 3191 Ν
387 3148 410 3189 u
423 3149 436 3190 s
450 3129 619 3192 damnavit:
642 3142 676 3192 ut
685 3149 762 3208 opus
773 3130 878 3203 fuerit,
893 3131 972 3192 notis
988 3127 1029 3194 ad
1036 3148 1104 3194 mar·

350 3214 449 3290 ginem
459 3211 569 3288 millis,
586 3211 750 3290 apologiam
760 3213 865 3280 facere.

392 3294 457 3356 Nec
466 3297 624 3375 quidquam
633 3309 731 3358 tamen
743 3293 770 3356 se
780 3294 845 3356 srvit
856 3293 1004 3358 charitatis
1014 3296 1105 3358 studio

350 3376 383 3439 in
393 3379 585 3441 transversum
597 3379 663 3457 agi,
687 3398 742 3439 nec
762 3398 779 3439 a
794 3377 853 3439 fide
864 3377 1105 3441 consubstantiali·

351 3459 420 3522 tatis
441 3462 598 3540 quidquam
608 3461 815 3523 remittendum
828 3460 922 3522 duxit
967 3462 1104 3524 Hortatur

352 3563 451 3614 autem
467 3553 641 3627 orientales,
660 3571 698 3612 ne
707 3551 871 3628 profitendo
887 3535 1048 3646 ὁμοιέσων
1060 3549 1103 3612 seu

351 3634 570 3704 similitudinem
591 3636 750 3700 substantia
768 3637 925 3717 suspettam
937 3645 1063 3707 reddant
1075 3639 1104 3701 fi.

354 3721 811 3824 dmsumuejeuoo‘paactp.
848 3736 942 3818 Igitur
951 3738 1025 3803 dum
1036 3735 1105 3834 yidit

1034 3837 1068 3882 m
