2475 4450
136 558 141 567 '
290 556 366 636 208
477 565 534 623 nn
557 514 830 624 uocarunt¹
859 553 962 624 src.

328 711 526 779 llliiecontra
537 711 701 792 llcephalos
713 712 806 776 diuos
826 728 876 776 eos
892 709 1026 787 volunt,
1042 713 1083 792 qul

329 816 399 860 cum
407 792 559 859 catholicis
569 796 727 860 concilium
737 793 977 860 Chalcedonense
988 795 1081 859 admit·

327 879 449 955 rebant,
471 900 538 942 cum
550 878 740 959 Eutychianis
749 878 929 955 rejiciebant
976 878 1033 941 Alii
1049 878 1079 941 al·

327 966 386 1025 tius
397 980 498 1026 eorum
517 975 654 1040 repeornt
662 963 807 1039 originem
818 963 853 1023 ab
865 961 944 1036 illis,
962 964 1013 1041 qui
1045 962 1078 1024 ost

327 1044 450 1108 solutam
462 1043 604 1126 synodum
614 1044 787 1124 Ephesrnam
808 1065 863 1107 nec
879 1045 906 1107 S.
920 982 1077 1110 crull

328 1128 390 1192 Lo
406 1123 935 1212 AlexandrinoNESTORlUlll
953 1126 1078 1192 dam

331 1213 379 1286 ti,
395 1206 1079 1286 necJOllNNlllntlochenoNrsrortr

328 1306 428 1375 partes
438 1291 635 1373 propugnanti
645 1289 791 1355 adhaerere
801 1293 971 1358 voluerunt.
1004 1293 1099 1359 Furto

328 1396 392 1439 non
402 1394 493 1441 unum
506 1375 597 1456 genui
609 1376 824 1455 Acephalorum
838 1377 937 1450 luerit
1037 1411 1040 1417 ·

378 1480 908 1560 rlcnerusindulgentiorfuitad
929 1477 1081 1545 Monoi

328 1565 554 1646 duplicitatem,
578 1584 665 1643 quarn
688 1563 886 1643 Eutychiani,
914 1566 949 1626 in
971 1567 1083 1709 ejusmec

209 1690 214 1694 -
328 1649 537 1713 communione
548 1668 610 1709 non
618 1646 710 1709 solum
723 1648 846 1719 mansrt,
867 1645 1030 1711 sedetiam

330 1744 413 1810 gatos
425 1726 573 1809 pontificis
585 1730 711 1792 Romani
725 1731 754 1790 vi
769 1776 779 1803 ,
805 1750 840 1792 ac
851 1730 956 1793 fraude
968 1743 1082 1804 contra,

329 1835 365 1875 ac
375 1815 407 1873 in
418 1813 561 1874 mandatis
572 1825 747 1889 acceperant
766 1834 782 1873 a
795 1812 938 1890 pontifice
951 1858 961 1887 ,
985 1815 1017 1875 in
1027 1833 1085 1892 par·

328 1910 374 1958 tes
385 1899 536 1974 pertraxit
581 1894 654 1972 Quae
663 1914 709 1956 res
721 1894 823 1969 justam
834 1897 1081 1975 indignationem,

324 2000 364 2042 ‘ac
384 1977 602 2040 damnationem
633 1976 735 2055 legatis
760 1977 942 2042 conciliavit
1002 1979 1082 2044 Causa

328 2063 355 2125 A
366 2080 385 2123 c
397 2080 418 2122 n
429 2080 448 2122 c
460 2083 472 2121 1
486 2061 610 2126 1Romae
619 2061 651 2121 in
664 2060 790 2123 concilio
801 2064 989 2138 examinata,
1014 2062 1082 2143 quod

218 2175 224 2184 ·
329 2164 416 2218 cunr
432 2143 467 2207 Μ
479 2164 498 2205 o
510 2163 533 2205 n
546 2164 566 2205 o
577 2164 605 2205 o·
623 2143 808 2223 Eutychiano
836 2142 1082 2219 communicaret,

278 2250 290 2290 ι,
330 2230 503 2304 damnatus,
524 2231 555 2290 dr
568 2218 714 2306 depositus
730 2225 754 2289 is
767 2227 827 2303 est,
854 2244 999 2308 ruptaque
1012 2250 1084 2292 corn-

328 2310 431 2375 munio
443 2311 654 2374 cumomnibus
666 2304 741 2384 illis,
763 2313 811 2388 qui
828 2332 895 2372 cum
919 2316 973 2374 Ac
985 2333 1007 2374 n
1019 2333 1037 2374 c
1048 2332 1083 2373 ιο

330 2395 595 2458 communicabant.
618 2394 654 2456 Id
664 2395 743 2470 quod
757 2395 851 2455 dirum
862 2387 984 2458 schisma
995 2398 1084 2457 orien-

328 2490 390 2540 tem
402 2480 478 2539 inter
490 2522 502 2561 ,Ι
523 2482 550 2538 dr
563 2474 750 2538 occidentem
762 2477 841 2538 fecit.
887 2475 978 2554 Quod
992 2473 1083 2542 multis

327 2563 412 2622 annis
421 2559 611 2637 perduravit,
625 2559 851 2621 detrectantibus
862 2560 1005 2623 Romanis
1017 2582 1085 2640 pon-

326 2643 454 2704 tificibus
473 2641 679 2702 comunionem
690 2639 896 2706 successoribus
911 2645 965 2705 llc
977 2664 999 2705 n
1011 2665 1030 2706 c
1041 2667 1051 2704 ι
1063 2667 1084 2720 ι,

327 2725 378 2801 qui
397 2721 701 2785 excommunicatione
712 2726 975 2803 immurmurent,
991 2748 1085 2806 quarn-

327 2806 379 2867 diu
391 2801 468 2866 illius
480 2825 590 2867 nomen
602 2827 618 2867 e
630 2806 716 2867 sacris
729 2808 877 2885 diptychis
890 2829 952 2870 non
978 2831 1085 2889 expun-

328 2894 457 2963 xerunt,
480 2900 547 2950 utut
557 2888 675 2951 aliunde
694 2909 769 2951 verae
781 2890 851 2952 fidei
862 2891 971 2954 addicti
983 2909 1093 2969 erant,

277 3047 279 3051 ,
327 2971 498 3047 comunioni
510 2972 568 3034 Eut
588 2971 759 3034 chianorum
781 2977 987 3039 renunciantes
1002 2979 1085 3039 etiam

328 3054 443 3132 gloriosi
455 2994 665 3130 confessores,
691 3055 847 3132 prasertim
881 3056 909 3120 S.
935 3057 972 3120 Μ
985 3059 1085 3121 nei„

327 3134 552 3282 ffilgws’
581 3158 616 3201 ac
640 3139 701 3213 ejus
728 3138 886 3201 antecellor
910 3138 1086 3205 EUPHE-

374 3325 430 3385 rlc
441 3343 463 3383 n
474 3342 493 3382 c
504 3343 542 3382 ιι
561 3317 733 3386 successores
745 3327 928 3402 timuerunt,
954 3347 994 3390 ne
1008 3329 1085 3392 dam·

325 3404 426 3468 nando
438 3409 462 3466 A
473 3425 492 3465 c
504 3425 555 3466 nc
570 3426 613 3467 ru
626 3429 650 3468 rr
666 3410 738 3485 (qui
749 3450 758 3482 ,
770 3429 830 3470 non
850 3424 961 3473 attenta
978 3414 1084 3490 depost·

326 3493 410 3550 tione
426 3487 529 3549 Romae
549 3489 643 3564 fasta,
670 3491 834 3554 fundtiones
857 3492 920 3554 suas
941 3493 1082 3572 usquead

323 3582 455 3644 mortem
467 3570 565 3648 obiit)
579 3571 755 3636 sacramenta
774 3575 810 3636 ab
830 3575 891 3652 ipso
904 3576 1013 3640 collata
1031 3579 1083 3640 fru-

328 3659 439 3717 llranea
448 3653 572 3716 fuissent
617 3655 715 3717 Hodie
731 3669 828 3719 tamen
841 3658 917 3734 sunt,
929 3667 981 3737 qui
992 3660 1083 3724 remis·

291 3820 301 3828 ,Δ
325 3737 382 3801 lior
395 3738 441 3816 agi
454 3735 575 3818 potuisse
590 3737 642 3800 libi
652 3739 835 3818 persuadent.
881 3741 978 3807 Graeci
991 3757 1081 3806 autem

932 3826 1044 3905 potilsr·
