2475 4450
286 502 290 507 ’
314 535 396 616 212
456 577 458 581 -
524 546 583 601 on
608 546 863 607 operatua
903 549 1007 608 sac.

352 712 416 775 que
436 689 494 755 alio
511 690 602 755 modo
625 710 679 771 pro
709 690 981 757 NESTORIO
1004 694 1106 776 agebar

355 776 501 854 Utrinque
520 775 557 837 ad
588 777 796 853 imperatorem
823 776 949 856 delegati
970 778 1058 854 sunt,
1079 801 1104 842 ac
1143 753 1155 796 ²

356 859 468 922 diutius
496 878 585 930 mora
608 856 675 920 sunt
705 862 811 921 tratiae.
869 860 1058 938 Orientales,
1081 878 1104 925 ut

358 940 475 1022 poffent
486 940 738 1004 anathematiiinos
751 943 779 1003 S.
799 941 858 1004 Cr
868 963 888 1004 r
901 965 913 1003 r
926 965 944 1003 r
955 966 975 1003 c
989 967 1000 1004 1
1013 964 1048 1007 eo
1057 966 1103 1008 me·

357 1024 417 1087 lius
434 1027 596 1104 impetere,
626 1044 660 1086 ac
680 1023 817 1099 abolere,
843 1023 1010 1104 symbolum
1025 1028 1104 1091 Nica·

358 1128 431 1170 num
439 1106 661 1186 praetendebant
670 1153 684 1183 ,a
700 1126 758 1185 quo
777 1110 863 1169 unice
881 1109 1017 1172 standum
1036 1110 1105 1174 vole·
1145 1154 1155 1192 ς

357 1191 441 1266 bant,
457 1192 733 1269 imperatoremque,
747 1210 785 1251 ne
796 1193 900 1266 majori
912 1212 1039 1256 numero
1049 1214 1104 1257 con-
1148 1238 1155 1264 ,

353 1274 498 1348 cederet,
529 1272 711 1351 instigabant.
755 1275 793 1335 At
819 1276 843 1336 is
863 1275 944 1351 justae
975 1276 1130 1340 causacio*

359 1376 433 1419 vens
451 1355 563 1432 judicio
585 1355 705 1420 concilii
729 1355 856 1431 detulit,
879 1360 907 1419 dc
932 1371 996 1421 tam
1020 1327 1132 1426 conci-d

238 1485 247 1503 .
356 1438 434 1502 lium
449 1439 559 1503 dimisit
578 1438 705 1518 (litteris
715 1437 885 1503 honorificis
906 1441 945 1503 ad
958 1455 1057 1521 patres
1068 1445 1106 1506 da·
1129 1431 1133 1494 l

357 1524 420 1599 tis)
442 1543 530 1601 quam
549 1523 638 1586 etiam
669 1522 824 1585 orientales
849 1523 1025 1605 episcopos,
1050 1544 1106 1591 eum

354 1606 441 1671 unire
459 1599 590 1669 invicem
608 1624 670 1669 non
691 1604 793 1684 poiset.
917 1660 919 1664 ,

295 1826 298 1834 ,
396 1761 465 1828 Nec
483 1759 582 1837 postea
608 1755 779 1832 intermisit,
807 1757 999 1823 conciliandae
1024 1761 1106 1840 pacis,

241 1896 245 1905 .
357 1865 393 1907 ac
410 1844 530 1905 unitatis
548 1839 666 1903 confilia
685 1861 794 1919 capere,
808 1862 875 1905 cum
895 1842 929 1905 Μ
942 1842 1109 1909 ΑΧΙΜΙ-

358 1927 447 2001 ΝΟ,
475 1922 627 1986 inlocum
648 1924 866 1986 Nasrourr
890 1924 1142 2046 substituto,&{

358 2010 424 2073 aliis
458 2006 609 2087 episcopis.
664 2007 705 2069 Hi
724 2009 755 2069 id
775 2006 967 2071 necessarium
986 2010 1044 2073 effe
1062 2011 1109 2070 im·

356 2093 487 2172 peratori
505 2089 716 2169 suggerebant,
738 2102 772 2153 ut
795 2090 813 2165 J
824 2112 842 2152 o
855 2111 876 2151 a
889 2110 913 2153 u
925 2112 948 2153 u
961 2113 1001 2172 rs
1015 2094 1109 2155 Antio-

355 2176 469 2240 chenus
488 2173 699 2254 depositionem
724 2174 838 2237 Nusr
848 2192 867 2235 o
877 2196 897 2235 a
911 2196 948 2237 11
970 2176 1110 2240 ratihabe

355 2271 426 2336 ret,
461 2263 490 2321 ἃ
522 2278 634 2320 errores
657 2257 735 2320 illius
768 2257 1051 2334 anathematizaret,
1083 2261 1108 2321 S.

355 2343 586 2406 Crurrrus
610 2353 707 2405 autem
725 2342 845 2417 injurias
866 2341 1111 2406 EPHESIs-

354 2426 496 2489 bisacias
526 2424 715 2487 condonaret.
767 2423 785 2498 J
794 2444 845 2484 on
860 2443 883 2483 u
897 2444 920 2484 N
935 2445 978 2486 rs
1013 2427 1112 2488 Antio-

354 2508 467 2577 chenus
492 2508 645 2586 precipuis
667 2505 722 2569 suae
744 2507 878 2568 factionis
901 2508 932 2568 in
961 2508 1111 2570 consilium

352 2592 488 2663 vocatis,
504 2589 687 2652 conditiones
707 2591 787 2666 pacis
801 2591 828 2652 S.
843 2591 899 2652 Cr
909 2611 928 2650 a
941 2613 952 2650 1
965 2613 982 2650 a
996 2612 1045 2652 ro
1064 2591 1110 2652 sex

353 2672 525 2753 proposuit,
552 2692 614 2753 quae
637 2693 738 2734 omnes
752 2673 789 2735 ad
799 2693 854 2733 nos
871 2672 949 2734 haud
969 2693 1109 2750 pervene-

351 2768 423 2818 runt
438 2766 651 2833 ,preterquam
671 2756 748 2833 quod
769 2754 886 2833 epistola
906 2757 934 2818 S.
962 2757 1108 2819 ATHA-

351 2838 382 2901 N
394 2839 449 2900 AS
464 2837 500 2899 ΙΙ
512 2837 714 2900 subscribenda
725 2858 780 2916 pro
800 2838 869 2899 fidei
890 2839 984 2901 forma
1006 2859 1109 2919 propo-

228 2988 231 2993 ,
351 2920 405 2982 fita
422 2920 477 2996 fit3
500 2934 602 2983 contra
624 2935 720 2983 autem
741 2936 774 2982 ut
782 2919 843 2983 suas
852 2920 985 2997 litteras,
1002 2927 1031 2984 &
1046 2943 1109 2984 ana-

351 3002 550 3066 thematismos
563 3007 730 3065 renodaret
753 3003 776 3064 C
788 3024 809 3063 r
822 3025 839 3064 a
853 3026 863 3063 r
877 3025 895 3063 t
908 3028 924 3064 r
937 3025 955 3064 u
969 3025 983 3066 s
1003 3005 1109 3084 flagita·

352 3099 455 3150 tatum.
501 3087 606 3165 Quoad
629 3087 754 3164 primum
766 3085 951 3149 libentiffime
964 3090 1107 3150 conditio·

351 3189 421 3232 nem
431 3172 564 3248 accepit,
579 3169 615 3230 ad
638 3189 740 3246 pacem
763 3183 895 3246 promtus
912 3171 939 3232 S.
954 3171 977 3232 C
991 3192 1013 3231 r
1026 3193 1043 3232 r
1057 3193 1067 3231 r
1080 3192 1108 3232 r.-

227 3310 229 3317 .
342 3274 371 3327 xa
383 3273 404 3314 u
417 3274 430 3315 s
443 3275 453 3328 3
478 3253 528 3314 sed
543 3296 553 3327 ,
575 3252 654 3328 quod
668 3250 752 3314 facile
765 3253 918 3330 praevideri
932 3257 1051 3330 potuit,
1072 3253 1106 3316 ad

296 3373 299 3379 ·
350 3334 456 3414 scripta
474 3335 541 3409 sua,
559 3334 686 3396 concilio
706 3336 846 3411 probata,
864 3338 1047 3411 rejicienda,
1067 3339 1105 3398 in·

350 3420 419 3482 duci
446 3418 524 3480 haud
546 3415 646 3478 valuit.
699 3417 817 3480 Litteris
847 3417 909 3480 haec
937 3421 975 3481 ad
1005 3420 1105 3482 AGA-

350 3499 480 3564 elom
496 3500 666 3562 Bereensem
687 3500 878 3577 significavit,
902 3499 1044 3581 simulque
1058 3502 1104 3564 do

294 3622 297 3629 ·
350 3582 472 3649 urinam
482 3582 560 3645 suam
573 3583 611 3643 de
620 3583 825 3645 incarnatione
837 3584 980 3661 exposuit.
1021 3585 1103 3648 Pleri-

343 3685 406 3745 que
419 3665 567 3744 epistolam
585 3664 665 3727 iilam
684 3686 737 3727 ceu
761 3666 957 3729 orthodoxam
979 3667 1103 3746 suscepe-

315 3760 321 3769 ’
344 3762 433 3826 runt',
455 3763 542 3830 atque
562 3750 639 3812 inter
657 3747 714 3812 hos
741 3750 830 3815 etiam
851 3749 1102 3814 rumori:

578 3857 583 3865 ·
959 3851 1057 3910 rus3

1133 3006 1155 3945 *AX
