<?xml version="1.0" encoding="UTF-8"?>
<!DOCTYPE html PUBLIC "-//W3C//DTD XHTML 1.0 Transitional//EN"
    "http://www.w3.org/TR/xhtml1/DTD/xhtml1-transitional.dtd">
<html xmlns="http://www.w3.org/1999/xhtml" xml:lang="en" lang="en">
 <head>
  <title>
</title>
<meta http-equiv="Content-Type" content="text/html;charset=utf-8" />
  <meta name='ocr-system' content='tesseract 3.04.00' />
  <meta name='ocr-capabilities' content='ocr_page ocr_carea ocr_par ocr_line ocrx_word'/>
</head>
<body>
  <div class='ocr_page' id='page_1' title='image "./principiatheolo00gerbgoog/principiatheolo00gerbgoog_0217.png"; bbox 0 0 2475 4450; ppageno 0'>
   <div class='ocr_carea' id='block_1_1' title="bbox 168 367 990 457">
    <p class='ocr_par' dir='ltr' id='par_1_1' title="bbox 168 367 990 457">
     <span class='ocr_line' id='line_1_1' title="bbox 168 367 990 457; baseline 0.007 -21"><span class='ocrx_word' id='word_1_1' title='bbox 168 371 765 441; x_wconf 77' lang='lat' dir='ltr'>rosa-cnursruu.euc.v.</span> <span class='ocrx_word' id='word_1_2' title='bbox 842 377 917 457; x_wconf 76' lang='lat'>195</span> <span class='ocrx_word' id='word_1_3' title='bbox 989 367 990 372; x_wconf 72' lang='lat'>&#39;</span> 
     </span>
    </p>
   </div>
   <div class='ocr_carea' id='block_1_2' title="bbox 120 490 1024 2235">
    <p class='ocr_par' dir='ltr' id='par_1_2' title="bbox 120 490 927 1903">
     <span class='ocr_line' id='line_1_2' title="bbox 150 490 927 580; baseline -0.006 -24"><span class='ocrx_word' id='word_1_4' title='bbox 150 491 353 570; x_wconf 76' lang='lat' dir='ltr'>inPalaestina</span> <span class='ocrx_word' id='word_1_5' title='bbox 373 490 509 571; x_wconf 92' lang='lat' dir='ltr'>episcopo</span> <span class='ocrx_word' id='word_1_6' title='bbox 525 492 718 571; x_wconf 62' lang='lat' dir='ltr'>accumbant,</span> <span class='ocrx_word' id='word_1_7' title='bbox 743 495 793 580; x_wconf 84' lang='lat' dir='ltr'>qui</span> <span class='ocrx_word' id='word_1_8' title='bbox 814 496 927 576; x_wconf 55' lang='lat' dir='ltr'>conci„</span> 
     </span>
     <span class='ocr_line' id='line_1_3' title="bbox 150 572 916 662; baseline 0.003 -22"><span class='ocrx_word' id='word_1_9' title='bbox 150 572 227 640; x_wconf 84' lang='lat' dir='ltr'>lium</span> <span class='ocrx_word' id='word_1_10' title='bbox 241 573 386 662; x_wconf 72' lang='lat' dir='ltr'>Diospoliv</span> <span class='ocrx_word' id='word_1_11' title='bbox 397 578 573 641; x_wconf 87' lang='lat' dir='ltr'>convocavit</span> <span class='ocrx_word' id='word_1_12' title='bbox 590 622 601 653; x_wconf 93' lang='lat'>‚</span> <span class='ocrx_word' id='word_1_13' title='bbox 627 576 707 640; x_wconf 91' lang='lat' dir='ltr'>ubiP</span> <span class='ocrx_word' id='word_1_14' title='bbox 718 598 734 640; x_wconf 81' lang='lat' dir='ltr'>u</span> <span class='ocrx_word' id='word_1_15' title='bbox 747 601 766 640; x_wconf 79' lang='grc' dir='ltr'>ι.</span> <span class='ocrx_word' id='word_1_16' title='bbox 776 599 799 642; x_wconf 76' lang='lat' dir='ltr'>a</span> <span class='ocrx_word' id='word_1_17' title='bbox 811 598 832 641; x_wconf 86' lang='lat' dir='ltr'>e</span> <span class='ocrx_word' id='word_1_18' title='bbox 843 602 855 642; x_wconf 86' lang='lat' dir='ltr'>r</span> <span class='ocrx_word' id='word_1_19' title='bbox 866 598 916 642; x_wconf 80' lang='lat' dir='ltr'>us</span> 
     </span>
     <span class='ocr_line' id='line_1_4' title="bbox 120 657 916 739; baseline 0.005 -17"><span class='ocrx_word' id='word_1_20' title='bbox 120 661 124 668; x_wconf 87' lang='lat'>&#39;</span> <span class='ocrx_word' id='word_1_21' title='bbox 151 657 275 738; x_wconf 88' lang='lat' dir='ltr'>quidem</span> <span class='ocrx_word' id='word_1_22' title='bbox 295 660 477 737; x_wconf 83' lang='lat' dir='ltr'>comparuit,</span> <span class='ocrx_word' id='word_1_23' title='bbox 494 672 670 723; x_wconf 88' lang='lat' dir='ltr'>nontamen</span> <span class='ocrx_word' id='word_1_24' title='bbox 689 661 752 739; x_wconf 85' lang='lat' dir='ltr'>ejus</span> <span class='ocrx_word' id='word_1_25' title='bbox 766 659 916 726; x_wconf 83' lang='lat' dir='ltr'>accusato·</span> 
     </span>
     <span class='ocr_line' id='line_1_5' title="bbox 151 741 914 826; baseline 0.007 -23"><span class='ocrx_word' id='word_1_26' title='bbox 151 762 210 807; x_wconf 85' lang='lat' dir='ltr'>res.</span> <span class='ocrx_word' id='word_1_27' title='bbox 254 742 342 804; x_wconf 88' lang='lat' dir='ltr'><strong>Unde</strong></span> <span class='ocrx_word' id='word_1_28' title='bbox 365 741 501 805; x_wconf 90' lang='lat' dir='ltr'>consueta</span> <span class='ocrx_word' id='word_1_29' title='bbox 516 743 634 807; x_wconf 85' lang='lat' dir='ltr'>vafritie</span> <span class='ocrx_word' id='word_1_30' title='bbox 655 759 753 824; x_wconf 92' lang='lat' dir='ltr'>patres</span> <span class='ocrx_word' id='word_1_31' title='bbox 775 747 914 826; x_wconf 80' lang='lat' dir='ltr'><strong>decepit,</strong></span> 
     </span>
     <span class='ocr_line' id='line_1_6' title="bbox 150 822 918 904; baseline 0.004 -15"><span class='ocrx_word' id='word_1_32' title='bbox 150 833 186 889; x_wconf 88' lang='lat' dir='ltr'>ut</span> <span class='ocrx_word' id='word_1_33' title='bbox 199 846 268 889; x_wconf 89' lang='lat' dir='ltr'>eum</span> <span class='ocrx_word' id='word_1_34' title='bbox 278 822 483 900; x_wconf 85' lang='lat' dir='ltr'>absolverent,</span> <span class='ocrx_word' id='word_1_35' title='bbox 497 827 547 903; x_wconf 92' lang='lat' dir='ltr'>qui</span> <span class='ocrx_word' id='word_1_36' title='bbox 558 825 587 890; x_wconf 91' lang='lat' dir='ltr'>se</span> <span class='ocrx_word' id='word_1_37' title='bbox 597 828 629 888; x_wconf 91' lang='lat' dir='ltr'>in</span> <span class='ocrx_word' id='word_1_38' title='bbox 649 829 785 904; x_wconf 83' lang='lat' dir='ltr'>omnibus</span> <span class='ocrx_word' id='word_1_39' title='bbox 808 830 918 892; x_wconf 67' lang='lat' dir='ltr'>dustri-</span> 
     </span>
     <span class='ocr_line' id='line_1_7' title="bbox 151 906 915 990; baseline 0.004 -19"><span class='ocrx_word' id='word_1_40' title='bbox 151 928 222 971; x_wconf 88' lang='lat' dir='ltr'>nam</span> <span class='ocrx_word' id='word_1_41' title='bbox 252 906 406 971; x_wconf 77' lang='lat' dir='ltr'>catholice</span> <span class='ocrx_word' id='word_1_42' title='bbox 438 906 564 971; x_wconf 87' lang='lat' dir='ltr'>ecclesrae</span> <span class='ocrx_word' id='word_1_43' title='bbox 586 908 667 990; x_wconf 89' lang='lat' dir='ltr'>sequi</span> <span class='ocrx_word' id='word_1_44' title='bbox 691 910 915 987; x_wconf 84' lang='lat' dir='ltr'>declaraverat,</span> 
     </span>
     <span class='ocr_line' id='line_1_8' title="bbox 133 990 916 1075; baseline 0.005 -21"><span class='ocrx_word' id='word_1_45' title='bbox 133 990 309 1075; x_wconf 65' lang='lat' dir='ltr'>,anathema</span> <span class='ocrx_word' id='word_1_46' title='bbox 330 990 390 1052; x_wconf 89' lang='lat' dir='ltr'>illis</span> <span class='ocrx_word' id='word_1_47' title='bbox 403 990 538 1053; x_wconf 89' lang='lat' dir='ltr'>omnibus</span> <span class='ocrx_word' id='word_1_48' title='bbox 558 993 680 1068; x_wconf 89' lang='lat' dir='ltr'>dicens,</span> <span class='ocrx_word' id='word_1_49' title='bbox 698 996 748 1073; x_wconf 92' lang='lat' dir='ltr'>qui</span> <span class='ocrx_word' id='word_1_50' title='bbox 769 994 798 1057; x_wconf 90' lang='lat' dir='ltr'>se</span> <span class='ocrx_word' id='word_1_51' title='bbox 819 994 855 1057; x_wconf 92' lang='lat' dir='ltr'>ab</span> <span class='ocrx_word' id='word_1_52' title='bbox 880 1014 916 1058; x_wconf 88' lang='lat' dir='ltr'>ea</span> 
     </span>
     <span class='ocr_line' id='line_1_9' title="bbox 151 1073 918 1155; baseline 0.004 -18"><span class='ocrx_word' id='word_1_53' title='bbox 151 1073 327 1155; x_wconf 78' lang='lat' dir='ltr'>separarent.</span> <span class='ocrx_word' id='word_1_54' title='bbox 373 1074 437 1135; x_wconf 90' lang='lat' dir='ltr'>Pari</span> <span class='ocrx_word' id='word_1_55' title='bbox 466 1074 549 1136; x_wconf 87' lang='lat' dir='ltr'>isthic</span> <span class='ocrx_word' id='word_1_56' title='bbox 584 1078 698 1137; x_wconf 90' lang='lat' dir='ltr'>ratione</span> <span class='ocrx_word' id='word_1_57' title='bbox 720 1077 822 1139; x_wconf 87' lang='lat' dir='ltr'>fucum</span> <span class='ocrx_word' id='word_1_58' title='bbox 844 1078 918 1141; x_wconf 82' lang='lat' dir='ltr'>fecit</span> 
     </span>
     <span class='ocr_line' id='line_1_10' title="bbox 152 1157 920 1235; baseline 0.004 -14"><span class='ocrx_word' id='word_1_59' title='bbox 152 1157 834 1235; x_wconf 73' lang='lat' dir='ltr'>Pseneros,acposteaCraissius</span> <span class='ocrx_word' id='word_1_60' title='bbox 856 1161 920 1223; x_wconf 85' lang='lat' dir='ltr'>Ro-</span> 
     </span>
     <span class='ocr_line' id='line_1_11' title="bbox 152 1238 917 1319; baseline 0.005 -17"><span class='ocrx_word' id='word_1_61' title='bbox 152 1260 208 1302; x_wconf 88' lang='lat' dir='ltr'>mae</span> <span class='ocrx_word' id='word_1_62' title='bbox 233 1238 437 1304; x_wconf 84' lang='lat' dir='ltr'><strong>ZOSIMO</strong></span> <span class='ocrx_word' id='word_1_63' title='bbox 461 1239 626 1317; x_wconf 87' lang='lat' dir='ltr'>pontifice,</span> <span class='ocrx_word' id='word_1_64' title='bbox 648 1240 782 1304; x_wconf 81' lang='lat' dir='ltr'>simulans</span> <span class='ocrx_word' id='word_1_65' title='bbox 803 1241 833 1305; x_wconf 93' lang='lat' dir='ltr'>se</span> <span class='ocrx_word' id='word_1_66' title='bbox 853 1245 917 1319; x_wconf 82' lang='lat' dir='ltr'>ejus</span> 
     </span>
     <span class='ocr_line' id='line_1_12' title="bbox 151 1322 921 1402; baseline 0.004 -16"><span class='ocrx_word' id='word_1_67' title='bbox 151 1323 304 1387; x_wconf 80' lang='lat' dir='ltr'>sententiae</span> <span class='ocrx_word' id='word_1_68' title='bbox 322 1324 531 1402; x_wconf 88' lang='lat' dir='ltr'>acquieturum.</span> <span class='ocrx_word' id='word_1_69' title='bbox 577 1322 676 1399; x_wconf 86' lang='lat' dir='ltr'>Quare</span> <span class='ocrx_word' id='word_1_70' title='bbox 695 1323 816 1387; x_wconf 82' lang='lat' dir='ltr'>similem</span> <span class='ocrx_word' id='word_1_71' title='bbox 827 1345 921 1389; x_wconf 86' lang='lat' dir='ltr'>exeu-</span> 
     </span>
     <span class='ocr_line' id='line_1_13' title="bbox 152 1404 922 1483; baseline 0.001 -13"><span class='ocrx_word' id='word_1_72' title='bbox 152 1404 297 1470; x_wconf 85' lang='lat' dir='ltr'>sationem</span> <span class='ocrx_word' id='word_1_73' title='bbox 309 1417 458 1468; x_wconf 90' lang='lat' dir='ltr'>merentur</span> <span class='ocrx_word' id='word_1_74' title='bbox 470 1419 568 1483; x_wconf 86' lang='lat' dir='ltr'>patres</span> <span class='ocrx_word' id='word_1_75' title='bbox 578 1404 795 1483; x_wconf 89' lang='lat' dir='ltr'>Diospolitani,</span> <span class='ocrx_word' id='word_1_76' title='bbox 809 1410 837 1470; x_wconf 68' lang='grc' dir='ltr'><strong><em>ἃ</em></strong></span> <span class='ocrx_word' id='word_1_77' title='bbox 850 1407 876 1470; x_wconf 91' lang='grc' dir='ltr'><strong>Ζ</strong></span> <span class='ocrx_word' id='word_1_78' title='bbox 887 1428 922 1470; x_wconf 86' lang='lat' dir='ltr'>o·</span> 
     </span>
     <span class='ocr_line' id='line_1_14' title="bbox 154 1488 920 1567; baseline -0.004 -15"><span class='ocrx_word' id='word_1_79' title='bbox 154 1509 169 1552; x_wconf 89' lang='lat' dir='ltr'>s</span> <span class='ocrx_word' id='word_1_80' title='bbox 181 1511 193 1551; x_wconf 87' lang='lat'>1</span> <span class='ocrx_word' id='word_1_81' title='bbox 205 1511 230 1553; x_wconf 82' lang='lat' dir='ltr'>rr</span> <span class='ocrx_word' id='word_1_82' title='bbox 244 1510 265 1552; x_wconf 89' lang='lat' dir='ltr'>v</span> <span class='ocrx_word' id='word_1_83' title='bbox 276 1509 310 1563; x_wconf 94' lang='lat' dir='ltr'>s,</span> <span class='ocrx_word' id='word_1_84' title='bbox 326 1488 491 1565; x_wconf 89' lang='lat' dir='ltr'>ambasque</span> <span class='ocrx_word' id='word_1_85' title='bbox 502 1500 600 1567; x_wconf 90' lang='lat' dir='ltr'>partes</span> <span class='ocrx_word' id='word_1_86' title='bbox 612 1492 721 1566; x_wconf 90' lang='lat' dir='ltr'>pariter</span> <span class='ocrx_word' id='word_1_87' title='bbox 741 1491 769 1552; x_wconf 99' lang='grc'>8.</span> <span class='ocrx_word' id='word_1_88' title='bbox 785 1491 841 1552; x_wconf 79' lang='lat' dir='ltr'>riu</span> <span class='ocrx_word' id='word_1_89' title='bbox 852 1510 873 1552; x_wconf 81' lang='lat' dir='ltr'>e</span> <span class='ocrx_word' id='word_1_90' title='bbox 884 1510 920 1551; x_wconf 86' lang='lat' dir='ltr'>u.</span> 
     </span>
     <span class='ocr_line' id='line_1_15' title="bbox 154 1569 921 1653; baseline 0.003 -18"><span class='ocrx_word' id='word_1_91' title='bbox 154 1591 321 1646; x_wconf 75' lang='lat' dir='ltr'>surmus</span> <span class='ocrx_word' id='word_1_92' title='bbox 341 1569 469 1634; x_wconf 85' lang='lat' dir='ltr'>excusat.</span> <span class='ocrx_word' id='word_1_93' title='bbox 535 1570 573 1634; x_wconf 91' lang='lat' dir='ltr'>Et</span> <span class='ocrx_word' id='word_1_94' title='bbox 594 1570 675 1638; x_wconf 90' lang='lat' dir='ltr'>haud</span> <span class='ocrx_word' id='word_1_95' title='bbox 700 1572 789 1635; x_wconf 90' lang='lat' dir='ltr'>dubie</span> <span class='ocrx_word' id='word_1_96' title='bbox 819 1586 921 1653; x_wconf 86' lang='lat' dir='ltr'>patres</span> 
     </span>
     <span class='ocr_line' id='line_1_16' title="bbox 152 1646 921 1735; baseline 0.001 -16"><span class='ocrx_word' id='word_1_97' title='bbox 152 1646 350 1735; x_wconf 88' lang='lat' dir='ltr'>Diospolitani</span> <span class='ocrx_word' id='word_1_98' title='bbox 360 1652 539 1722; x_wconf 81' lang='lat' dir='ltr'>damnassent</span> <span class='ocrx_word' id='word_1_99' title='bbox 551 1654 571 1717; x_wconf 90' lang='lat' dir='ltr'>P</span> <span class='ocrx_word' id='word_1_100' title='bbox 584 1675 599 1715; x_wconf 84' lang='lat' dir='ltr'>a</span> <span class='ocrx_word' id='word_1_101' title='bbox 611 1678 630 1715; x_wconf 77' lang='lat' dir='ltr'>a</span> <span class='ocrx_word' id='word_1_102' title='bbox 643 1676 665 1717; x_wconf 76' lang='lat' dir='ltr'>a</span> <span class='ocrx_word' id='word_1_103' title='bbox 678 1674 698 1717; x_wconf 82' lang='lat' dir='ltr'>o</span> <span class='ocrx_word' id='word_1_104' title='bbox 709 1678 721 1717; x_wconf 88' lang='lat'>1</span> <span class='ocrx_word' id='word_1_105' title='bbox 732 1676 754 1717; x_wconf 86' lang='lat' dir='ltr'>u</span> <span class='ocrx_word' id='word_1_106' title='bbox 765 1677 790 1717; x_wconf 78' lang='lat' dir='ltr'>n</span> <span class='ocrx_word' id='word_1_107' title='bbox 803 1702 813 1732; x_wconf 96' lang='lat'>,</span> <span class='ocrx_word' id='word_1_108' title='bbox 835 1655 856 1718; x_wconf 91' lang='lat' dir='ltr'><strong>fi</strong></span> <span class='ocrx_word' id='word_1_109' title='bbox 869 1658 921 1721; x_wconf 84' lang='lat' dir='ltr'>de·</span> 
     </span>
     <span class='ocr_line' id='line_1_17' title="bbox 124 1736 920 1815; baseline 0 -13"><span class='ocrx_word' id='word_1_110' title='bbox 124 1761 128 1769; x_wconf 92' lang='lat'>·</span> <span class='ocrx_word' id='word_1_111' title='bbox 152 1741 234 1812; x_wconf 72' lang='lat' dir='ltr'>teda</span> <span class='ocrx_word' id='word_1_112' title='bbox 258 1740 320 1815; x_wconf 89' lang='lat' dir='ltr'>ejus</span> <span class='ocrx_word' id='word_1_113' title='bbox 338 1736 435 1799; x_wconf 86' lang='lat' dir='ltr'>fuisset</span> <span class='ocrx_word' id='word_1_114' title='bbox 449 1738 550 1813; x_wconf 81' lang='lat' dir='ltr'>fraus3</span> <span class='ocrx_word' id='word_1_115' title='bbox 582 1736 655 1801; x_wconf 89' lang='lat' dir='ltr'>ficut</span> <span class='ocrx_word' id='word_1_116' title='bbox 675 1739 827 1803; x_wconf 89' lang='lat' dir='ltr'>damnavit</span> <span class='ocrx_word' id='word_1_117' title='bbox 850 1740 920 1803; x_wconf 79' lang='lat' dir='ltr'>Zo-</span> 
     </span>
     <span class='ocr_line' id='line_1_18' title="bbox 153 1820 723 1903; baseline -0.002 -17"><span class='ocrx_word' id='word_1_118' title='bbox 153 1842 288 1903; x_wconf 73' lang='lat' dir='ltr'>sruus</span> <span class='ocrx_word' id='word_1_119' title='bbox 308 1820 428 1883; x_wconf 90' lang='lat' dir='ltr'>demum</span> <span class='ocrx_word' id='word_1_120' title='bbox 455 1820 723 1885; x_wconf 75' lang='lat' dir='ltr'>Caussarum.</span> 
     </span>
    </p>

    <p class='ocr_par' dir='ltr' id='par_1_3' title="bbox 151 1903 1024 2235">
     <span class='ocr_line' id='line_1_19' title="bbox 194 1903 921 1985; baseline 0.003 -16"><span class='ocrx_word' id='word_1_121' title='bbox 194 1904 319 1969; x_wconf 83' lang='lat' dir='ltr'>Haerefis</span> <span class='ocrx_word' id='word_1_122' title='bbox 330 1903 488 1982; x_wconf 86' lang='lat' dir='ltr'>Pelagianae</span> <span class='ocrx_word' id='word_1_123' title='bbox 499 1904 708 1967; x_wconf 87' lang='lat' dir='ltr'>condemnatio</span> <span class='ocrx_word' id='word_1_124' title='bbox 724 1906 855 1983; x_wconf 89' lang='lat' dir='ltr'>undique</span> <span class='ocrx_word' id='word_1_125' title='bbox 866 1926 921 1985; x_wconf 83' lang='lat' dir='ltr'>pet</span> 
     </span>
     <span class='ocr_line' id='line_1_20' title="bbox 151 1985 921 2063; baseline -0.004 -9"><span class='ocrx_word' id='word_1_126' title='bbox 151 1987 292 2054; x_wconf 79' lang='lat' dir='ltr'>ecclesias</span> <span class='ocrx_word' id='word_1_127' title='bbox 316 1986 397 2048; x_wconf 81' lang='lat' dir='ltr'>milia</span> <span class='ocrx_word' id='word_1_128' title='bbox 412 1987 471 2061; x_wconf 90' lang='lat' dir='ltr'>est,</span> <span class='ocrx_word' id='word_1_129' title='bbox 496 2001 531 2048; x_wconf 90' lang='lat' dir='ltr'>ut</span> <span class='ocrx_word' id='word_1_130' title='bbox 547 1985 795 2063; x_wconf 86' lang='lat' dir='ltr'>subscriberetur,</span> <span class='ocrx_word' id='word_1_131' title='bbox 817 1988 869 2050; x_wconf 87' lang='lat' dir='ltr'>tali</span> <span class='ocrx_word' id='word_1_132' title='bbox 878 1990 921 2051; x_wconf 87' lang='lat' dir='ltr'>se-</span> 
     </span>
     <span class='ocr_line' id='line_1_21' title="bbox 151 2068 921 2149; baseline -0.003 -14"><span class='ocrx_word' id='word_1_133' title='bbox 151 2073 207 2136; x_wconf 89' lang='lat' dir='ltr'>lici</span> <span class='ocrx_word' id='word_1_134' title='bbox 227 2069 375 2145; x_wconf 82' lang='lat' dir='ltr'>successu,</span> <span class='ocrx_word' id='word_1_135' title='bbox 400 2082 435 2131; x_wconf 92' lang='lat' dir='ltr'>ut</span> <span class='ocrx_word' id='word_1_136' title='bbox 457 2070 560 2147; x_wconf 88' lang='lat' dir='ltr'>paucis</span> <span class='ocrx_word' id='word_1_137' title='bbox 572 2068 715 2148; x_wconf 91' lang='lat' dir='ltr'>episcopis</span> <span class='ocrx_word' id='word_1_138' title='bbox 729 2071 862 2149; x_wconf 83' lang='lat' dir='ltr'>exceptis</span> <span class='ocrx_word' id='word_1_139' title='bbox 875 2090 921 2133; x_wconf 88' lang='lat' dir='ltr'>re-</span> 
     </span>
     <span class='ocr_line' id='line_1_22' title="bbox 151 2126 1024 2235; baseline -0.001 -20"><span class='ocrx_word' id='word_1_140' title='bbox 151 2155 230 2235; x_wconf 88' lang='lat' dir='ltr'>liqui</span> <span class='ocrx_word' id='word_1_141' title='bbox 248 2151 464 2232; x_wconf 84' lang='lat' dir='ltr'>epistolaeZos</span> <span class='ocrx_word' id='word_1_142' title='bbox 477 2174 547 2213; x_wconf 81' lang='lat' dir='ltr'>rur</span> <span class='ocrx_word' id='word_1_143' title='bbox 566 2150 790 2232; x_wconf 89' lang='lat' dir='ltr'>subscripserint.</span> <span class='ocrx_word' id='word_1_144' title='bbox 815 2152 919 2216; x_wconf 85' lang='lat' dir='ltr'>Refra-</span> <span class='ocrx_word' id='word_1_145' title='bbox 933 2126 1024 2192; x_wconf 52' lang='grc' dir='ltr'>ΜΨ·</span> 
     </span>
    </p>
   </div>
   <div class='ocr_carea' id='block_1_3' title="bbox 153 2212 1056 2396">
    <p class='ocr_par' dir='ltr' id='par_1_4' title="bbox 153 2212 1056 2396">
     <span class='ocr_line' id='line_1_23' title="bbox 153 2212 1037 2318; baseline -0.002 -16"><span class='ocrx_word' id='word_1_146' title='bbox 153 2239 232 2318; x_wconf 84' lang='lat' dir='ltr'>gatii</span> <span class='ocrx_word' id='word_1_147' title='bbox 251 2237 370 2300; x_wconf 88' lang='lat' dir='ltr'>fuerunt</span> <span class='ocrx_word' id='word_1_148' title='bbox 392 2234 535 2315; x_wconf 81' lang='lat' dir='ltr'>deposui,</span> <span class='ocrx_word' id='word_1_149' title='bbox 558 2247 645 2313; x_wconf 85' lang='lat' dir='ltr'>atque</span> <span class='ocrx_word' id='word_1_150' title='bbox 657 2234 771 2315; x_wconf 87' lang='lat' dir='ltr'>legibus</span> <span class='ocrx_word' id='word_1_151' title='bbox 794 2239 919 2315; x_wconf 90' lang='lat' dir='ltr'>impera·</span> <span class='ocrx_word' id='word_1_152' title='bbox 935 2212 1037 2275; x_wconf 59' lang='lat' dir='ltr'><em>Mers·</em></span> 
     </span>
     <span class='ocr_line' id='line_1_24' title="bbox 154 2310 1056 2396; baseline -0.003 -11"><span class='ocrx_word' id='word_1_153' title='bbox 154 2316 243 2385; x_wconf 91' lang='lat' dir='ltr'>toriis</span> <span class='ocrx_word' id='word_1_154' title='bbox 264 2321 405 2392; x_wconf 87' lang='lat' dir='ltr'>coerciti,</span> <span class='ocrx_word' id='word_1_155' title='bbox 433 2339 489 2381; x_wconf 89' lang='lat' dir='ltr'>nec</span> <span class='ocrx_word' id='word_1_156' title='bbox 512 2339 641 2396; x_wconf 90' lang='lat' dir='ltr'>unquam</span> <span class='ocrx_word' id='word_1_157' title='bbox 665 2320 916 2396; x_wconf 87' lang='lat' dir='ltr'>communionem,</span> <span class='ocrx_word' id='word_1_158' title='bbox 933 2310 1056 2373; x_wconf 63' lang='lat' dir='ltr'><strong><em>mmm·</em></strong></span> 
     </span>
    </p>
   </div>
   <div class='ocr_carea' id='block_1_4' title="bbox 154 2388 1083 3646">
    <p class='ocr_par' dir='ltr' id='par_1_5' title="bbox 154 2388 1083 3646">
     <span class='ocr_line' id='line_1_25' title="bbox 154 2388 1079 2481; baseline -0.003 -11"><span class='ocrx_word' id='word_1_159' title='bbox 154 2420 208 2470; x_wconf 90' lang='lat' dir='ltr'>aut</span> <span class='ocrx_word' id='word_1_160' title='bbox 225 2403 331 2467; x_wconf 64' lang='lat' dir='ltr'>sestam</span> <span class='ocrx_word' id='word_1_161' title='bbox 351 2404 496 2481; x_wconf 87' lang='lat' dir='ltr'>integram</span> <span class='ocrx_word' id='word_1_162' title='bbox 515 2401 661 2464; x_wconf 87' lang='lat' dir='ltr'>conficere</span> <span class='ocrx_word' id='word_1_163' title='bbox 681 2416 851 2480; x_wconf 82' lang='lat' dir='ltr'>potuerunt.</span> <span class='ocrx_word' id='word_1_164' title='bbox 934 2388 991 2441; x_wconf 65' lang='lat' dir='ltr'>ml·</span> <span class='ocrx_word' id='word_1_165' title='bbox 1008 2395 1033 2442; x_wconf 73' lang='lat'>⁶·</span> <span class='ocrx_word' id='word_1_166' title='bbox 1051 2391 1079 2456; x_wconf 64' lang='grc' dir='ltr'>ἶ·</span> 
     </span>
     <span class='ocr_line' id='line_1_26' title="bbox 200 2484 921 2565; baseline 0.004 -16"><span class='ocrx_word' id='word_1_167' title='bbox 200 2487 283 2549; x_wconf 92' lang='lat' dir='ltr'>Inter</span> <span class='ocrx_word' id='word_1_168' title='bbox 306 2485 326 2548; x_wconf 89' lang='lat' dir='ltr'><strong>P</strong></span> <span class='ocrx_word' id='word_1_169' title='bbox 338 2488 384 2545; x_wconf 79' lang='lat' dir='ltr'>irr</span> <span class='ocrx_word' id='word_1_170' title='bbox 397 2506 418 2546; x_wconf 78' lang='lat' dir='ltr'>a</span> <span class='ocrx_word' id='word_1_171' title='bbox 429 2505 449 2545; x_wconf 84' lang='lat' dir='ltr'>c</span> <span class='ocrx_word' id='word_1_172' title='bbox 461 2508 472 2545; x_wconf 92' lang='lat'>1</span> <span class='ocrx_word' id='word_1_173' title='bbox 487 2508 497 2544; x_wconf 91' lang='lat' dir='ltr'>r</span> <span class='ocrx_word' id='word_1_174' title='bbox 519 2484 673 2549; x_wconf 70' lang='lat' dir='ltr'>sectatores</span> <span class='ocrx_word' id='word_1_175' title='bbox 686 2488 850 2565; x_wconf 76' lang='lat' dir='ltr'>praecipuus</span> <span class='ocrx_word' id='word_1_176' title='bbox 863 2487 921 2552; x_wconf 85' lang='lat' dir='ltr'>fuit</span> 
     </span>
     <span class='ocr_line' id='line_1_27' title="bbox 156 2568 935 2648; baseline 0.004 -15"><span class='ocrx_word' id='word_1_177' title='bbox 156 2568 409 2648; x_wconf 72' lang='lat' dir='ltr'>Julianus</span> <span class='ocrx_word' id='word_1_178' title='bbox 434 2568 585 2646; x_wconf 90' lang='lat' dir='ltr'>episcopus</span> <span class='ocrx_word' id='word_1_179' title='bbox 612 2568 789 2646; x_wconf 79' lang='lat' dir='ltr'>capuanus:</span> <span class='ocrx_word' id='word_1_180' title='bbox 816 2584 935 2636; x_wconf 33' lang='lat' dir='ltr'>contra*</span> 
     </span>
     <span class='ocr_line' id='line_1_28' title="bbox 159 2649 921 2734; baseline -0.008 -17"><span class='ocrx_word' id='word_1_181' title='bbox 159 2672 249 2734; x_wconf 91' lang='lat' dir='ltr'>quem</span> <span class='ocrx_word' id='word_1_182' title='bbox 269 2650 366 2729; x_wconf 88' lang='lat' dir='ltr'>plures</span> <span class='ocrx_word' id='word_1_183' title='bbox 391 2649 482 2712; x_wconf 92' lang='lat' dir='ltr'>libros</span> <span class='ocrx_word' id='word_1_184' title='bbox 508 2650 630 2728; x_wconf 81' lang='lat' dir='ltr'>scripst¹</span> <span class='ocrx_word' id='word_1_185' title='bbox 647 2652 676 2715; x_wconf 92' lang='grc'>8.</span> <span class='ocrx_word' id='word_1_186' title='bbox 701 2653 758 2713; x_wconf 85' lang='lat' dir='ltr'>Au</span> <span class='ocrx_word' id='word_1_187' title='bbox 769 2673 789 2714; x_wconf 85' lang='lat' dir='ltr'>o</span> <span class='ocrx_word' id='word_1_188' title='bbox 803 2672 849 2716; x_wconf 86' lang='lat' dir='ltr'>us</span> <span class='ocrx_word' id='word_1_189' title='bbox 862 2673 883 2719; x_wconf 77' lang='lat' dir='ltr'>r</span> <span class='ocrx_word' id='word_1_190' title='bbox 895 2675 921 2714; x_wconf 86' lang='lat' dir='ltr'>r.</span> 
     </span>
     <span class='ocr_line' id='line_1_29' title="bbox 158 2733 922 2819; baseline -0.001 -18"><span class='ocrx_word' id='word_1_191' title='bbox 158 2756 260 2819; x_wconf 75' lang='lat' dir='ltr'>Nus,</span> <span class='ocrx_word' id='word_1_192' title='bbox 284 2733 386 2811; x_wconf 92' lang='lat' dir='ltr'>quibus</span> <span class='ocrx_word' id='word_1_193' title='bbox 400 2734 573 2796; x_wconf 88' lang='lat' dir='ltr'>immortuus</span> <span class='ocrx_word' id='word_1_194' title='bbox 595 2733 657 2807; x_wconf 87' lang='lat' dir='ltr'>est,</span> <span class='ocrx_word' id='word_1_195' title='bbox 683 2754 717 2796; x_wconf 86' lang='lat' dir='ltr'>ac</span> <span class='ocrx_word' id='word_1_196' title='bbox 732 2736 922 2813; x_wconf 76' lang='lat' dir='ltr'>imperfectos</span> 
     </span>
     <span class='ocr_line' id='line_1_30' title="bbox 158 2814 922 2898; baseline 0 -15"><span class='ocrx_word' id='word_1_197' title='bbox 158 2818 286 2898; x_wconf 81' lang='lat' dir='ltr'>reliquit</span> <span class='ocrx_word' id='word_1_198' title='bbox 310 2817 354 2879; x_wconf 88' lang='grc' dir='ltr'>Μ.</span> <span class='ocrx_word' id='word_1_199' title='bbox 367 2816 403 2880; x_wconf 83' lang='grc' dir='ltr'><strong>Μ</strong></span> <span class='ocrx_word' id='word_1_200' title='bbox 412 2816 506 2880; x_wconf 83' lang='lat' dir='ltr'>E-Rc</span> <span class='ocrx_word' id='word_1_201' title='bbox 519 2814 667 2891; x_wconf 83' lang='lat' dir='ltr'>ATOR,</span> <span class='ocrx_word' id='word_1_202' title='bbox 682 2819 802 2882; x_wconf 89' lang='lat' dir='ltr'>innotis</span> <span class='ocrx_word' id='word_1_203' title='bbox 814 2820 851 2883; x_wconf 86' lang='lat' dir='ltr'>ad</span> <span class='ocrx_word' id='word_1_204' title='bbox 861 2821 922 2883; x_wconf 84' lang='lat' dir='ltr'>duo</span> 
     </span>
     <span class='ocr_line' id='line_1_31' title="bbox 160 2901 699 2981; baseline -0.006 -15"><span class='ocrx_word' id='word_1_205' title='bbox 160 2903 251 2981; x_wconf 78' lang='lat' dir='ltr'>ipsius</span> <span class='ocrx_word' id='word_1_206' title='bbox 274 2920 383 2979; x_wconf 90' lang='lat' dir='ltr'>opera,</span> <span class='ocrx_word' id='word_1_207' title='bbox 408 2902 534 2962; x_wconf 90' lang='lat' dir='ltr'>eundem</span> <span class='ocrx_word' id='word_1_208' title='bbox 552 2901 699 2964; x_wconf 86' lang='lat' dir='ltr'>refutavit.</span> 
     </span>
     <span class='ocr_line' id='line_1_32' title="bbox 208 2983 924 3057; baseline -0.003 -9"><span class='ocrx_word' id='word_1_209' title='bbox 208 2983 425 3057; x_wconf 90' lang='lat' dir='ltr'>InBritannia,</span> <span class='ocrx_word' id='word_1_210' title='bbox 451 2983 531 3045; x_wconf 91' lang='lat' dir='ltr'>unde</span> <span class='ocrx_word' id='word_1_211' title='bbox 551 2984 692 3046; x_wconf 89' lang='lat' dir='ltr'>oriundus</span> <span class='ocrx_word' id='word_1_212' title='bbox 718 2985 776 3048; x_wconf 86' lang='lat' dir='ltr'>fuit</span> <span class='ocrx_word' id='word_1_213' title='bbox 796 2984 924 3048; x_wconf 75' lang='lat' dir='ltr'>Peen-</span> 
     </span>
     <span class='ocr_line' id='line_1_33' title="bbox 160 3064 926 3145; baseline -0.003 -14"><span class='ocrx_word' id='word_1_214' title='bbox 160 3089 183 3131; x_wconf 81' lang='lat' dir='ltr'>e</span> <span class='ocrx_word' id='word_1_215' title='bbox 195 3090 207 3128; x_wconf 92' lang='lat' dir='ltr'>r</span> <span class='ocrx_word' id='word_1_216' title='bbox 219 3089 242 3128; x_wconf 92' lang='lat' dir='ltr'>u</span> <span class='ocrx_word' id='word_1_217' title='bbox 254 3088 288 3141; x_wconf 91' lang='lat' dir='ltr'>s,</span> <span class='ocrx_word' id='word_1_218' title='bbox 312 3068 402 3143; x_wconf 84' lang='lat' dir='ltr'>magis</span> <span class='ocrx_word' id='word_1_219' title='bbox 416 3066 535 3143; x_wconf 87' lang='lat' dir='ltr'>grassata</span> <span class='ocrx_word' id='word_1_220' title='bbox 547 3065 602 3127; x_wconf 87' lang='lat' dir='ltr'>suit</span> <span class='ocrx_word' id='word_1_221' title='bbox 613 3064 765 3145; x_wconf 85' lang='lat' dir='ltr'>Pelagiana</span> <span class='ocrx_word' id='word_1_222' title='bbox 775 3067 849 3144; x_wconf 87' lang='lat' dir='ltr'>lues,</span> <span class='ocrx_word' id='word_1_223' title='bbox 870 3088 926 3131; x_wconf 87' lang='lat' dir='ltr'>un·</span> 
     </span>
     <span class='ocr_line' id='line_1_34' title="bbox 161 3147 923 3230; baseline -0.001 -16"><span class='ocrx_word' id='word_1_224' title='bbox 161 3153 267 3227; x_wconf 71' lang='lat' dir='ltr'>de‘en</span> <span class='ocrx_word' id='word_1_225' title='bbox 291 3147 385 3212; x_wconf 85' lang='lat' dir='ltr'>Gallia</span> <span class='ocrx_word' id='word_1_226' title='bbox 406 3150 493 3211; x_wconf 88' lang='lat' dir='ltr'>acciti</span> <span class='ocrx_word' id='word_1_227' title='bbox 516 3147 581 3211; x_wconf 91' lang='lat' dir='ltr'>sunt</span> <span class='ocrx_word' id='word_1_228' title='bbox 602 3148 690 3212; x_wconf 90' lang='lat' dir='ltr'>zelosr</span> <span class='ocrx_word' id='word_1_229' title='bbox 709 3150 844 3230; x_wconf 87' lang='lat' dir='ltr'>praesules</span> <span class='ocrx_word' id='word_1_230' title='bbox 873 3152 923 3213; x_wconf 94' lang='grc'>88.</span> 
     </span>
     <span class='ocr_line' id='line_1_35' title="bbox 162 3230 926 3308; baseline -0.005 -10"><span class='ocrx_word' id='word_1_231' title='bbox 162 3231 471 3308; x_wconf 76' lang='lat' dir='ltr'>GERMANUS,</span> <span class='ocrx_word' id='word_1_232' title='bbox 489 3235 516 3294; x_wconf 80' lang='lat' dir='ltr'>dc</span> <span class='ocrx_word' id='word_1_233' title='bbox 534 3230 701 3297; x_wconf 82' lang='lat' dir='ltr'><strong>LUPUS.</strong></span> <span class='ocrx_word' id='word_1_234' title='bbox 746 3235 851 3297; x_wconf 88' lang='lat' dir='ltr'>Refert</span> <span class='ocrx_word' id='word_1_235' title='bbox 874 3254 926 3295; x_wconf 89' lang='lat' dir='ltr'>ve-</span> 
     </span>
     <span class='ocr_line' id='line_1_36' title="bbox 161 3311 1083 3393; baseline 0.002 -12"><span class='ocrx_word' id='word_1_236' title='bbox 161 3317 255 3381; x_wconf 85' lang='lat' dir='ltr'>tustus</span> <span class='ocrx_word' id='word_1_237' title='bbox 282 3317 384 3383; x_wconf 73' lang='lat' dir='ltr'>audior</span> <span class='ocrx_word' id='word_1_238' title='bbox 398 3311 476 3392; x_wconf 90' lang='lat' dir='ltr'>apud</span> <span class='ocrx_word' id='word_1_239' title='bbox 502 3313 742 3379; x_wconf 85' lang='lat' dir='ltr'>BOLLAND</span> <span class='ocrx_word' id='word_1_240' title='bbox 753 3317 823 3380; x_wconf 76' lang='grc' dir='ltr'>ΠΜ</span> <span class='ocrx_word' id='word_1_241' title='bbox 838 3362 848 3391; x_wconf 87' lang='grc'><em>,</em></span> <span class='ocrx_word' id='word_1_242' title='bbox 871 3336 923 3378; x_wconf 92' lang='lat' dir='ltr'>eos</span> <span class='ocrx_word' id='word_1_243' title='bbox 940 3319 1083 3393; x_wconf 63' lang='lat' dir='ltr'>AdaJaa</span> 
     </span>
     <span class='ocr_line' id='line_1_37' title="bbox 163 3396 1083 3484; baseline -0.001 -21"><span class='ocrx_word' id='word_1_244' title='bbox 163 3417 295 3463; x_wconf 89' lang='lat' dir='ltr'>errorem</span> <span class='ocrx_word' id='word_1_245' title='bbox 310 3396 473 3472; x_wconf 86' lang='lat' dir='ltr'>addidisse,</span> <span class='ocrx_word' id='word_1_246' title='bbox 488 3417 576 3476; x_wconf 90' lang='lat' dir='ltr'>quern</span> <span class='ocrx_word' id='word_1_247' title='bbox 595 3418 689 3477; x_wconf 89' lang='lat' dir='ltr'>nuper</span> <span class='ocrx_word' id='word_1_248' title='bbox 703 3398 866 3464; x_wconf 73' lang='lat' dir='ltr'>calviniani</span> <span class='ocrx_word' id='word_1_249' title='bbox 882 3420 926 3462; x_wconf 89' lang='lat' dir='ltr'>re-</span> <span class='ocrx_word' id='word_1_250' title='bbox 939 3418 968 3482; x_wconf 70' lang='grc' dir='ltr'>ρ.</span> <span class='ocrx_word' id='word_1_251' title='bbox 987 3413 1053 3484; x_wconf 75' lang='lat'>138,</span> <span class='ocrx_word' id='word_1_252' title='bbox 1080 3409 1083 3481; x_wconf 80' lang='lat'>!</span> 
     </span>
     <span class='ocr_line' id='line_1_38' title="bbox 161 3479 970 3561; baseline 0 -16"><span class='ocrx_word' id='word_1_253' title='bbox 161 3482 366 3546; x_wconf 82' lang='lat' dir='ltr'>suscitarunt:</span> <span class='ocrx_word' id='word_1_254' title='bbox 390 3479 471 3559; x_wconf 83' lang='lat' dir='ltr'>posse</span> <span class='ocrx_word' id='word_1_255' title='bbox 492 3501 529 3544; x_wconf 83' lang='lat' dir='ltr'>ex</span> <span class='ocrx_word' id='word_1_256' title='bbox 552 3482 687 3561; x_wconf 89' lang='lat' dir='ltr'>duobus,</span> <span class='ocrx_word' id='word_1_257' title='bbox 717 3485 765 3561; x_wconf 86' lang='lat' dir='ltr'>qui</span> <span class='ocrx_word' id='word_1_258' title='bbox 785 3482 928 3560; x_wconf 88' lang='lat' dir='ltr'>baptizati</span> <span class='ocrx_word' id='word_1_259' title='bbox 939 3504 970 3552; x_wconf 74' lang='lat' dir='ltr'>a.</span> 
     </span>
     <span class='ocr_line' id='line_1_39' title="bbox 163 3564 883 3646; baseline -0.006 -14"><span class='ocrx_word' id='word_1_260' title='bbox 163 3565 252 3646; x_wconf 73' lang='lat' dir='ltr'>seint,</span> <span class='ocrx_word' id='word_1_261' title='bbox 274 3575 377 3630; x_wconf 84' lang='lat' dir='ltr'>natum</span> <span class='ocrx_word' id='word_1_262' title='bbox 386 3564 531 3630; x_wconf 72' lang='lat' dir='ltr'>infantem</span> <span class='ocrx_word' id='word_1_263' title='bbox 545 3565 604 3643; x_wconf 89' lang='lat' dir='ltr'>srne</span> <span class='ocrx_word' id='word_1_264' title='bbox 616 3564 759 3645; x_wconf 85' lang='lat' dir='ltr'>baptismo</span> <span class='ocrx_word' id='word_1_265' title='bbox 770 3564 883 3630; x_wconf 87' lang='lat' dir='ltr'>salvari.</span> 
     </span>
    </p>
   </div>
   <div class='ocr_carea' id='block_1_5' title="bbox 416 3646 953 3753">
    <p class='ocr_par' dir='ltr' id='par_1_6' title="bbox 416 3646 953 3753">
     <span class='ocr_line' id='line_1_40' title="bbox 416 3646 953 3753; baseline 0.007 -39"><span class='ocrx_word' id='word_1_266' title='bbox 416 3647 673 3753; x_wconf 7' lang='lat' dir='ltr'>‘Na&#39;</span> <span class='ocrx_word' id='word_1_267' title='bbox 823 3646 953 3729; x_wconf 66' lang='lat' dir='ltr'>Qus</span> 
     </span>
    </p>
   </div>
   <div class='ocr_carea' id='block_1_6' title="bbox 0 0 1254 4450">
    <p class='ocr_par' dir='ltr' id='par_1_7' title="bbox 0 0 1254 4450">
     <span class='ocr_line' id='line_1_41' title="bbox 0 0 1254 4450; baseline 0 0"><span class='ocrx_word' id='word_1_268' title='bbox 0 0 1254 4450; x_wconf 95' lang='lat' dir='ltr'> </span> 
     </span>
    </p>
   </div>
  </div>
 </body>
</html>
