2475 4450
175 565 289 623 POST
310 562 556 623 cuntorum,
578 562 671 624 SM.
695 568 784 628 XVI.
842 567 918 646 372

117 762 119 765 Α
152 709 265 774 iterum
297 710 387 775 verba
419 710 645 777 CHRISTI
683 712 768 778 aliter
800 713 920 790 summ,

152 798 253 872 quoad
266 816 329 858 rem
349 794 516 873 conspirans
528 816 595 859 cum
615 797 699 873 aliis,
723 811 828 875 negata
849 798 923 863 reali

152 877 307 956 prasentia
320 901 329 955 ;
352 878 402 942 sed
411 878 486 940 ittud
503 892 617 943 tantum
629 901 682 959 per
694 882 816 944 modum
825 880 921 961 figni,

112 1006 127 1024 ..
151 981 190 1024 ac
199 964 333 1042 imaginis
348 961 545 1041 repraesentari
553 968 677 1043 putavit

205 1064 923 1133 tritissimumverbacaulsTromen-
1010 1051 1014 1055 ’

156 1149 198 1213 do
210 1153 241 1212 in
262 1152 447 1216 diversissima
458 1153 593 1215 abierunt
612 1152 712 1229 quoad
730 1152 772 1212 rei
791 1149 921 1227 explica-

156 1235 270 1297 tionem
284 1281 294 1310 ,
312 1237 342 1297 vi
355 1235 436 1299 illata
452 1236 551 1299 verbis
564 1236 587 1298 C
598 1235 628 1296 H
639 1235 666 1296 R
679 1233 693 1295 Ι
704 1235 722 1295 S
734 1219 787 1297 Tl
802 1276 811 1305 ‚
825 1234 921 1312 iisque

155 1318 259 1381 misere
271 1321 303 1379 in
314 1340 431 1382 ornnem
447 1333 561 1398 partem
573 1318 708 1380 detortis.
741 1314 820 1377 Hinc
831 1317 921 1378 etiam

153 1403 236 1463 varia
259 1401 325 1463 sunt
346 1402 439 1464 sortiti
454 1403 596 1475 nomina,
622 1400 693 1461 disti
714 1399 921 1479 Significativi,

159 1484 324 1565 Tropzstae,
356 1489 491 1565 Energici
513 1529 522 1561 ,
546 1485 604 1561 'qui
630 1482 768 1544 virtutem
789 1481 924 1559 corporis

154 1566 180 1628 C
194 1568 259 1629 HR
274 1566 422 1630 lSTIin
431 1567 601 1630 eucharistia
615 1564 819 1628 admittebant
843 1567 922 1627 Arr.

154 1650 330 1730 babonistae,
362 1652 412 1728 qui
433 1649 633 1718 eucharistiam
654 1668 708 1711 ceu
729 1645 924 1710 arrhabonem

153 1733 255 1795 datam
265 1732 412 1796 dicebant.
458 1728 665 1815 Addeffenarii
676 1734 709 1793 in
722 1743 847 1807 quatuor
858 1748 924 1808 par.

154 1828 201 1878 tes
218 1816 299 1879 divisi
318 1828 420 1890 eraut,
432 1815 482 1879 alii
492 1816 571 1895 apud
580 1834 688 1893 panem
699 1859 708 1889 ‚
721 1812 770 1874 atii
783 1815 861 1874 circa
870 1832 921 1891 pa·

156 1919 258 1972 nem,
285 1898 334 1961 alii
357 1918 425 1966 cum
448 1919 525 1977 pane
547 1944 557 1975 ‚
583 1896 634 1967 alii
653 1897 704 1965 sub
725 1915 801 1975 pane
818 1914 926 1975 corpus

156 1982 223 2044 CH
233 1982 260 2044 R
271 1981 285 2043 Ι
297 1984 316 2044 S
328 1981 379 2051 TI
397 1982 568 2050 statuebant.

207 2065 262 2127 Cn
274 2088 292 2125 ι
305 2086 323 2128 v
336 2087 347 2124 1
361 2084 385 2125 u
398 2067 497 2136 usin
518 2085 549 2127 re
561 2064 643 2126 idem
656 2076 758 2125 tenens
776 2062 925 2135 ‚modum

154 2146 329 2226 explicandi
348 2149 491 2228 aptiorem
511 2145 690 2211 adinveniffe
702 2144 753 2206 fibi
770 2143 846 2208 visus
859 2143 922 2219 est,

157 2231 339 2310 spiritualem
353 2233 512 2297 admittens.
530 2231 787 2293 manducationem
800 2222 927 2309 substan.

156 2313 259 2377 tialem
270 2316 401 2393 corporis
420 2313 639 2384 CHRISTI
660 2332 712 2390 per
730 2310 840 2374 fidemi
869 2309 927 2374 alia

160 2400 251 2459 etiam
276 2400 409 2476 quaedam
432 2400 528 2476 capita
549 2396 752 2464 reformavit:
783 2412 930 2474 novaque.

156 2480 334 2548 settaesuum
352 2482 462 2545 indidit
474 2499 592 2548 numen.

211 2564 470 2640 Quemadmodum
491 2576 588 2627 autem
600 2559 759 2630 Luthetani
773 2554 931 2621 confessio..

158 2666 231 2710 nem
254 2649 466 2725 Augustarum,
502 2649 542 2708 ita
563 2644 726 2714 Calvinistae
751 2641 932 2721 potissimum

161 2729 373 2793 confeffionem
385 2731 532 2808 Belgicam
543 2728 739 2807 profitentur,
764 2724 931 2804 habentque

160 2833 219 2892 pro
238 2812 313 2875 libro
326 2813 504 2892 symbolico‚
518 2831 646 2875 unacum
664 2807 840 2873 catechismo
858 2808 930 2870 Hei·

162 2895 345 2974 delbergensr
364 2942 374 2971 ‚
398 2900 426 2958 dc
448 2897 573 2958 decretis
590 2894 694 2972 synodi
710 2893 929 2957 Dordteitanae.

162 2979 224 3042 Sed
248 2978 318 3042 iicet
350 2999 452 3041 omnes
472 2979 524 3043 sub
547 2978 668 3038 nomine
690 2978 931 3040 Reformatorum

164 3065 366 3139 conveniant,
380 3083 442 3124 non
457 3075 556 3123 tamen
566 3060 662 3140 quoad
683 3063 782 3122 omnia
797 3056 931 3134 ejusdem
1016 3090 1019 3094 ι
1034 3057 1037 3060 ’

163 3144 930 3222 suntmentiS,aliiZwruosurofflucsro,

165 3225 875 3304 Putararo,Cnuvruoplusdcfetunt

216 3345 375 3409 Lutherani
396 3345 559 3408 Calvinistis
574 3343 732 3423 prasertim
746 3343 820 3405 vitio
837 3340 933 3417 dant,

168 3431 250 3509 quod
264 3432 369 3492 rationi
383 3430 508 3490 nimium
518 3427 647 3490 tribuant
658 3429 735 3489 circa
747 3423 933 3502 religionem,

167 3534 237 3577 eum
252 3513 351 3576 locum
370 3514 527 3586 nimirum,
544 3530 634 3589 quem
647 3529 701 3572 nos
717 3507 889 3580 traditioni,
902 3509 934 3569 δε

173 3596 302 3660 ecclesia
322 3597 532 3672 adjudicamus.
576 3594 611 3657 In
627 3592 812 3672 dogmatibus
833 3602 934 3652 autem

168 3681 238 3759 ipsis
257 3683 384 3758 (praeter
398 3679 559 3741 doctrinam
572 3678 611 3741 de
632 3675 818 3747 eucharistia,
840 3675 939 3749 dage«

113 3786 121 3804 ·
171 3765 300 3830 oetatim
320 3763 358 3828 de
378 3762 585 3842 iadamentis,
606 3781 672 3842 qua
692 3754 857 3839 calvinista
866 3773 939 3850 ,W

804 3835 897 3921 ὕψι
