2475 4450
160 499 587 605 r'osrcuarsrun.
610 540 814 606 asemon.
836 541 915 619 409

149 693 284 772 apparet
302 703 400 754 autem
420 693 497 769 J'at‘to
523 688 718 755 fondamento
738 690 915 755 immediata

150 775 363 849 revelationis,
384 773 622 838 christianismum
639 774 773 846 funditus
794 774 912 848 destrui,

153 878 231 921 cum
245 856 427 933 ministerio,
443 856 660 935 conventibus,
684 857 846 935 ritibusque
864 876 917 918 ex-

154 942 248 1004 ternis
266 942 354 1002 etiam
363 941 567 1004 sacramentis:
593 959 651 1014 nec
662 939 711 1003 vel
721 938 914 1019 baptifinum,

153 1024 209 1087 nifi
219 1024 316 1102 ignis,
341 1022 514 1101 &spiritum
528 1035 580 1087 aut
592 1024 849 1087 manducationem
864 1042 916 1085 eu·

155 1106 296 1171 charistia
319 1106 372 1168 nifi
392 1105 570 1185 spiritualem
589 1107 750 1170 {laniendo
794 1107 915 1180 Audtor,
992 1130 994 1134 ·

156 1191 209 1269 qui
223 1189 398 1251 breviarium
412 1189 498 1252 nobis
517 1190 601 1252 dedit
625 1191 663 1252 de
688 1204 775 1264 ortu,
797 1192 826 1252 δι
847 1207 917 1267 pro·

155 1271 249 1353 grellu
264 1272 474 1349 -Quakerifini,
495 1272 706 1351 &dogmatum
719 1275 802 1349 ejus,
826 1273 918 1334 etiam

156 1356 261 1437 pandit
280 1375 383 1418 eorum
403 1355 633 1431 sacramentum,
658 1354 716 1417 five
728 1352 854 1433 pascha,
871 1374 918 1415 re-

158 1440 314 1503 conditum
327 1457 455 1516 nempe,
480 1437 662 1501 &summum
677 1436 795 1513 illorum
816 1436 920 1515 myste-

158 1524 254 1594 rium,
278 1541 335 1599 quo
356 1533 451 1583 totam
470 1520 588 1593 JESU
609 1521 806 1583 Caarsrr
829 1519 919 1581 hillo-

158 1606 232 1667 riam
243 1605 272 1665 in
286 1620 396 1665 meram
405 1604 616 1667 transforment
624 1601 803 1681 allegoriam,
815 1604 843 1665 ἃ
856 1600 920 1663 sen·

157 1687 219 1751 sum
233 1687 393 1765 mysticum.
437 1686 522 1749 Hanc
533 1687 715 1764 impietatem
737 1684 920 1748 a'sediatori·

160 1767 837 1833 buerna1crNICOLAIAmsteloda
868 1787 921 1829 en·

160 1849 522 1916 lisFOXOinstillatam
532 1851 589 1914 eise
601 1852 725 1926 dicunt,
748 1852 842 1929 quiin
878 1849 926 1912 el.¹

163 1938 214 2014 gio
242 1934 348 1996 sectam
375 1934 517 2013 collegit,
550 1954 637 2013 quam
659 1934 810 2012 furnilium
821 1931 923 2013 santii

162 2021 273 2082 auroris
296 2018 483 2080 nominabat:
509 2017 546 2079 de
565 2016 795 2079 CHRISTO
818 2017 849 2077 in
860 2015 924 2093 spe-

163 2104 241 2165 ciem
263 2113 377 2162 tantum
402 2100 511 2177 aliquid
533 2098 640 2174 docet,
662 2119 715 2177 per
738 2118 827 2178 quem
848 2098 924 2161 nihil
1034 2156 1037 2159 .

163 2184 265 2258 aliud,
288 2183 339 2244 nifi
363 2181 464 2246 lumen
482 2182 609 2246 hominis
632 2183 800 2258 internum,
818 2182 849 2245 id
869 2181 921 2259 est,

161 2270 312 2343 animam,
337 2268 488 2344 ingenium
501 2311 511 2342 ,
535 2269 564 2329 ἃ
576 2267 720 2329 rationem
731 2265 921 2347 intelligebat

205 2405 311 2467 Praeter
328 2401 401 2464 alios
413 2401 568 2465 Fanaticos
578 2400 811 2478 labadistarum,
828 2401 924 2465 Fami·
972 2431 975 2437 ·

162 2489 294 2552 listarum
315 2489 371 2549 &c
399 2489 448 2564 qui
469 2488 501 2546 in
519 2485 674 2565 principali
698 2507 797 2549 errore
818 2487 856 2548 de
879 2485 924 2547 lu·

164 2573 247 2634 mine
256 2571 372 2631 interno
394 2571 594 2643 conveniunt,
617 2568 874 2632 commemoranda
884 2567 927 2631 est

165 2655 257 2717 etiam
279 2649 401 2714 celebris
423 2650 777 2727 BURIGNONIA,
808 2671 872 2730 quae
892 2651 929 2713 b-

165 2733 277 2801 militer
295 2735 412 2797 interno
433 2735 539 2797 statuto
562 2731 673 2798 lumine
696 2733 928 2798 externumreli·

167 2820 266 2900 gionis
282 2816 394 2880 cultum
403 2837 520 2880 omnem
532 2815 648 2894 abjecit
693 2817 716 2882 C
727 2817 756 2880 H
767 2817 794 2881 R
805 2817 819 2883 1
830 2819 849 2881 S
861 2816 927 2882 TO

167 2900 280 2980 triplex
295 2900 428 2963 attribuit
438 2919 553 2978 corpus.
588 2901 612 2962 A
623 2921 643 2961 o
655 2920 677 2961 a
690 2922 713 2962 n
725 2921 744 2962 o
755 2913 928 2964 autemeam

168 2983 320 3064 duplicem
330 2981 430 3046 lesum
451 2981 580 3045 tribuiffe
595 2997 655 3044 tam
676 2985 784 3046 mirum
795 2982 928 3056 nonest,

169 3086 261 3147 quam
279 3066 459 3128 Parrum
482 3063 756 3129 POIRAETUM
772 3066 870 3145 magni
884 3066 930 3127 in·
974 3092 976 3099 ·

169 3151 251 3232 genii
263 3149 359 3211 virum
371 3147 494 3227 potuille
518 3145 718 3212 deliramentis
737 3149 864 3214 foeminaa
876 3147 930 3210 hu·

167 3237 219 3315 jus
238 3230 352 3295 abduci.
397 3230 456 3307 Qui
469 3243 528 3292 tam
547 3229 699 3308 perspicax
718 3231 774 3293 fuit
798 3233 828 3291 in
851 3250 931 3292 erro-

169 3316 253 3380 ribus
273 3315 443 3377 recentioris
466 3312 658 3392 philosophiae
685 3313 876 3391 detegendis,
894 3316 930 3399 ,dt
955 3360 957 3364 «

171 3413 236 3463 tam
245 3417 338 3476 capax
348 3399 380 3458 in
390 3395 508 3474 systema
527 3396 681 3477 redigendi
701 3416 814 3459 errores
829 3397 928 3469 etiam,

171 3500 282 3561 quosa
302 3479 351 3542 sua
367 3480 671 3544 Burrcuoura
690 3476 802 3554 haufit,
825 3477 954 3556 acipse,

173 3563 379 3642 excogitavit,
412 3561 569 3640 prasertim
589 3563 669 3627 circa
686 3562 860 3625 Trinitatem
880 3580 931 3624 na-

171 3645 315 3711 turalibus
328 3643 474 3724 exemplis
498 3645 585 3720 ufus,
608 3648 637 3709 ἃ
653 3645 730 3708 circa
745 3643 934 3708 tolerantiam

170 3748 237 3794 non
250 3727 345 3794 folum
362 3731 496 3795 omnmm
515 3727 712 3877 rgligionum,
734 3723 909 3875 ledrlztiaurs
919 3765 933 3782 -

562 3825 584 3877 'c
606 3832 621 3892 ς
810 3824 890 3876 utero
