2475 4450
324 572 463 651 1792
512 573 568 627 oe
591 571 853 627 nocmua
887 563 989 629 alc.

364 716 448 793 siffe,
474 716 545 780 dum
563 717 669 781 Filium
691 718 780 780 DEI
797 736 835 779 ex
855 714 969 789 nihilo,
993 734 1028 778 ae
1114 719 1123 779 ἑ

147 814 259 872 Contra
324 862 326 867 .
363 812 460 877 turam
470 800 526 863 else
538 802 638 863 edixit.
683 802 772 877 Quod
784 798 924 878 expreffis
938 798 1100 866 verbisEu·
1113 822 1123 861 r

145 894 247 959 Marc.
365 904 436 946 oro
449 905 460 943 r
473 904 519 946 us
555 885 671 960 rejicit,
707 896 792 961 atque
814 884 884 945 hinc
908 880 1099 960 consequenter

136 977 207 1045 zib.
227 975 284 1039 ιη.
321 1026 326 1035 ,
359 963 471 1030 Filium
495 965 760 1029 consubstantialem
786 968 863 1028 Patri
887 965 996 1027 habere
1007 964 1123 1032 debuiti

138 1075 169 1117 a.
187 1074 211 1134 3.
366 1049 422 1112 Cui
443 1049 512 1111 fidei
532 1051 621 1112 etiam
639 1052 671 1110 in
692 1048 817 1111 concilio
847 1050 970 1112 Nicaeno
985 1046 1067 1111 ..subs
1086 1046 1090 1058 '
1109 1072 1123 1150 p

366 1131 443 1210 put:
467 1132 537 1194 licet
547 1132 607 1211 ipsa
623 1131 741 1211 epistola
755 1133 793 1193 ad
805 1131 948 1209 populum
961 1130 1041 1193 suum
1050 1143 1123 1206 pro'r

364 1214 437 1278 dere
463 1215 616 1290 videatur,
638 1217 713 1278 forte
733 1235 800 1278 eum
811 1215 885 1276 istud
904 1213 986 1276 sensu
1001 1230 1101 1274 nonot·
1121 1236 1123 1276 r

367 1296 504 1360 thodoxo
526 1298 641 1377 prorsus
660 1297 765 1360 fecisse.

409 1381 451 1444 Ut
468 1384 542 1443 adeo
569 1402 677 1460 auceps
706 1384 768 1457 ejus
796 1380 868 1443 fides
888 1378 944 1442 esse
968 1378 1103 1449 videatur,

366 1477 500 1527 nontam
518 1484 557 1527 ex
581 1468 726 1543 pravitate
746 1466 853 1536 animi,
873 1483 963 1540 quam
983 1460 1105 1539 ambigui·

369 1560 432 1611 tate
456 1548 596 1609 dostrinae
614 1548 689 1621 suae,
722 1568 778 1625 qua
800 1546 859 1623 ipse
894 1545 946 1606 fibi
973 1563 1035 1606 non
1057 1544 1105 1605 sau
1119 1598 1123 1629 =.

369 1629 500 1692 constare
522 1632 655 1702 videtur,
690 1630 722 1689 in
745 1629 807 1691 aliis
832 1630 945 1703 majore
973 1648 1043 1690 cura
1060 1644 1123 1700 ver-3

371 1711 470 1783 satus,
495 1732 580 1787 quam
606 1711 745 1771 rimandis
779 1712 888 1771 intimis
919 1703 1123 1787 mysteriorum*

366 1793 535 1867 nostrorum
560 1791 732 1853 receffibus:
767 1794 895 1867 dumque
910 1793 1043 1855 noscitur
1068 1790 1106 1853 ab·

367 1876 515 2017 liliis
527 1894 597 2018 {li
619 1874 1110 2035 sttl23..⁰22.ll3.;.⁰¹¹¹.2333

606 2002 616 2031 ἱ
1004 2003 1014 2031 ἳ

366 2036 435 2101 loca
453 2036 532 2102 illius
551 2038 617 2101 sane
639 2040 730 2113 dura,
755 2042 787 2100 in
811 2039 918 2100 bonam
943 2054 1060 2117 partem
1080 2042 1113 2100 in-

366 2122 562 2199 terpretanda.
608 2122 713 2197 Quain
729 2142 760 2183 re
770 2142 825 2183 nec
836 2121 895 2199 ipse
911 2120 972 2184 Cel.
997 2121 1113 2185 culi.

367 2202 577 2268 LIERIUS
612 2204 684 2266 mihi
702 2203 767 2266 latis
802 2204 873 2267 felix
903 2205 1047 2282 videtur,
1073 2203 1113 2283 qui

250 2295 256 2306 '
367 2286 521 2350 novissime
552 2309 570 2349 a
603 2287 763 2366 suspicione
809 2288 959 2350 Arianismi
996 2289 1114 2350 Euso-

369 2393 388 2433 Β
401 2393 412 2432 ι
424 2391 445 2430 u
457 2393 481 2432 m
500 2370 717 2433 defendendum
737 2371 865 2448 suscepit.

246 2504 254 2518 .
411 2454 527 2515 Accidit
548 2453 744 2515 Eusoero
770 2453 926 2530 ferequod
952 2451 1115 2516 ORIGF.

369 2535 442 2610 NI,
466 2537 549 2609 cujus
576 2534 636 2610 ipse
652 2556 718 2596 cum
745 2537 772 2596 S.
800 2535 1069 2599 PAMPHILO
1090 2539 1116 2596 in

373 2636 489 2680 carcere
509 2616 547 2676 ob
568 2615 655 2677 fidem
692 2617 913 2680 CHRISTI
953 2617 1035 2680 simul
1062 2619 1117 2682 exi-

368 2700 445 2761 stens
464 2696 629 2775 apologiam
648 2698 775 2777 scripsit,
813 2715 847 2762 ut
861 2700 896 2761 ab
918 2699 982 2762 aliis
1005 2703 1043 2764 ad
1066 2721 1118 2762 coe·

367 2781 431 2842 lum
448 2778 537 2856 usque
555 2780 766 2855 extolleretur,
783 2782 819 2844 ab
840 2781 902 2844 aliis
927 2799 1027 2845 autem
1039 2803 1118 2846 econ-

370 2877 417 2926 tta
431 2863 554 2925 nimium
572 2864 791 2941 deprimeretur.
836 2865 938 2928 Media
960 2869 1009 2928 via
1022 2869 1118 2945 quiin·

370 2944 503 3021 cedunt,
524 2947 566 3008 ita
584 2948 688 3008 merita
703 2949 760 3008 viri
776 2950 895 3010 maximi
919 2951 951 3009 in
976 2949 1118 3012 ecclesiam

369 3028 552 3093 christianam
576 3029 792 3108 depraedieant,
819 3044 852 3092 ut
876 3045 976 3093 tamen
1001 3053 1117 3105 naevos,

369 3112 421 3192 qui
449 3110 579 3173 excusari
604 3126 777 3190 nequeunt,
806 3113 888 3176 simul
918 3113 1118 3189 confiteantur,

369 3192 470 3274 quales
488 3206 548 3255 tam
570 3196 666 3274 quoad
688 3195 892 3273 theologiam,
924 3218 1011 3276 quam
1041 3199 1121 3261 histo

369 3280 442 3339 riam
464 3295 526 3338 non
540 3280 627 3356 pauci
648 3281 831 3357 reperiuntur
853 3282 957 3357 inejus
976 3282 1117 3360 operibus.

412 3402 511 3468 Multo
533 3408 674 3482 majorem
694 3418 793 3468 tamen
814 3427 849 3468 ac
869 3419 981 3468 tantam
1010 3406 1122 3470 laudem

372 3487 663 3551 &existimationem
683 3491 715 3549 in
742 3490 820 3551 sacra
845 3489 961 3552 historia
984 3490 1037 3552 fibi
1059 3508 1121 3553 con-

372 3569 504 3646 ciliavit,
523 3585 557 3634 ut
577 3571 598 3632 fi
615 3572 648 3630 in
668 3570 725 3633 hoc
755 3592 860 3649 genere
882 3572 1030 3636 scribendi
1050 3586 1121 3649 totus

373 3667 557 3732 occupatus,
582 3654 681 3730 quoad
701 3653 811 3732 reliqua
841 3655 1010 3734 simpliciter
1029 3656 1059 3719 se
1079 3674 1121 3715 ec·

373 3735 464 3810 olestae
492 3734 660 3815 audientem
689 3737 870 3818 praebuilser,
887 3739 1038 3834 summere
1057 3757 1122 3821 Lom-

1007 3840 1088 3884 nrum
