2475 4450
274 531 431 629 aiu
468 564 746 640 curtinum
881 576 909 646 9

156 712 196 778 iri
212 712 321 779 summa
337 713 449 792 quevis
472 711 588 782 hiosese
603 715 767 795 objicient3
789 735 829 781 ex
842 736 911 798 par·-
995 761 1001 768 -
1032 757 1056 790 2.

155 812 180 861 te
198 813 299 862 autem
320 796 416 860 nostra
436 796 481 857 nil
501 796 553 858 nili
568 801 739 879 corruptio,
754 802 782 864 dt
799 803 832 864 in
843 820 910 882 per.

151 883 259 944 uiciern
293 878 447 942 reclivitaa.
491 879 622 959 Utraque
632 895 730 945 autem
745 902 910 962 aequecon-

146 963 220 1028 fider
283 961 405 1038 afunt,
426 965 454 1026 ἃ
471 963 504 1024 in
513 977 646 1030 mentem
656 966 852 1030 revocanda:
874 977 910 1032 ut

133 1049 224 1130 {inde
243 1047 348 1112 fiducia
365 1048 402 1109 in
416 1044 559 1110 DEUM
581 1050 726 1127 optimum
736 1052 911 1126 maximum,

133 1129 222 1198 'hinc
246 1128 409 1193 diffidentia
426 1131 527 1191 innos
557 1130 636 1209 ipsos
662 1146 795 1210 exurgat
838 1134 912 1202 Hac

149 1217 244 1280 omnia
261 1234 335 1278 veta
352 1211 456 1291 religio
479 1210 590 1290 docet,
611 1234 650 1281 ac
671 1213 755 1278 simul
780 1216 818 1279 ad
842 1235 905 1280 rna-

148 1319 202 1366 uus
224 1299 276 1360 dat
296 1295 432 1360 salutaria
449 1296 579 1360 remedia
599 1297 786 1376 opitulandi,
821 1302 850 1372 da
871 1300 905 1363 in

147 1381 303 1464 pristinum
320 1381 493 1460 statrrmper
522 1379 798 1446 CHRISTUM
820 1382 914 1446 salva·

145 1481 241 1530 tutem
259 1465 425 1528 reducendi
450 1462 580 1543 lapsum,
608 1476 695 1543 atque
707 1464 911 1533 felicitatem·

145 1551 338 1614 addentem
357 1547 516 1610 hominem.

181 1633 250 1697 Nec
270 1631 366 1694 intere
386 1650 442 1693 nos
454 1631 821 1710 smitutramquestatum‚
850 1641 916 1698 tm

148 1719 258 1795 inquo
277 1714 394 1777 conditi
414 1712 530 1789 sumus,
559 1734 646 1793 quarn
655 1718 690 1776 in
708 1735 795 1794 quem
816 1714 914 1778 nostra

149 1798 231 1878 culpa
253 1797 441 1872 decidimus,
463 1797 604 1859 'dotum
630 1797 774 1875 coelestia,
798 1796 915 1861 revela--

148 1885 245 1960 tioque
262 1881 381 1944 divina
419 1880 510 1942 Extra
529 1878 607 1943 hane
638 1882 770 1944 divinam
801 1880 919 1944 revela·

152 1968 283 2039 tionem,
321 1964 392 2025 dum
416 1961 489 2037 alii,
524 1983 597 2040 quae-
611 1965 773 2042 praestantia
790 1963 857 2028 sunt
882 1965 920 2028 in

148 2046 319 2112 honoribus·
333 2045 540 2109 tantummodo
559 2060 712 2126 uteunque
733 2046 914 2126 spetianmt,

149 2130 309 2210 firperbiam
328 2129 536 2203 nutriverunt,
561 2131 590 2191 ἂ
603 2131 909 2206 varam-jadiantiam

150 2213 213 2289 alii,
242 2213 316 2275 darn
334 2209 499 2287 vilitatem,
532 2211 829 2292 depravationemque
852 2211 919 2275 fine·

149 2296 273 2360 remedio
298 2314 337 2356 err
358 2297 485 2372 propriis
515 2295 627 2356 viribus
655 2295 751 2358 solum
779 2296 916 2359 attende-

148 2394 234 2456 runt,
269 2379 305 2438 in
324 2377 557 2455 desperationem
578 2376 646 2440 sunt
673 2380 749 2453 acii3
784 2378 856 2452 alii,
880 2379 913 2440 in

149 2479 303 2541 utrumque
326 2462 421 2524 aciem
455 2462 562 2522 mentia
584 2461 793 2536 intendentes,
828 2473 914 2522 natu·

148 2568 203 2611 ram
221 2545 317 2625 ipsam
335 2543 527 2618 accusarunt,
563 2546 637 2620 quin
657 2542 742 2606 suam·
777 2541 917 2622 agnosce

148 2648 208 2695 rent
226 2627 370 2710 culpam,
393 2647 495 2690 omnes
510 2637 607 2689 autern
620 2629 831 2705 corruptione,
845 2646 912 2705 pra·

150 2716 298 2791 vitateque
319 2710 459 2784 abduffl,
497 2710 588 2786 magis
613 2712 765 2789 magisque
796 2710 829 2771 in
847 2728 918 2788 pro·

148 2797 269 2860 fundum
302 2794 478 2874 perditionis
508 2792 573 2855 sunt
603 2791 745 2868 demersr3
790 2792 842 2853 nisr
864 2794 917 2871 qui

151 2874 917 3026 attaminata

824 3001 834 3033 t

152 3058 335 3116 erexerunt,
372 3062 408 3104 eo
450 3042 610 3110 mediatore
638 3043 669 3102 in
698 3043 820 3120 gratiam
844 3058 913 3105 curn

154 3128 244 3191 DEO
271 3125 454 3199 redierunt,
487 3127 657 3202 virtuteque
680 3144 720 3186 en
739 3122 800 3187 alto
823 3123 912 3186 robo-

155 3212 220 3286 rati,
240 3208 353 3272 emensi
366 3207 451 3282 sunt,
473 3209 504 3269 in
518 3227 604 3287 quem
615 3208 730 3274 conditi
738 3206 859 3290 sumum
879 3204 913 3268 fi·

158 3313 213 3358 nun
228 3292 384 3358 felicitatis
406 3303 531 3355 aeternae.

451 3463 496 3573 e.
522 3461 578 3551 v.

173 3604 269 3696 Huic
281 3607 502 3724 religioni,
514 3610 616 3726 quin
636 3629 769 3695 totum
787 3603 827 3693 se
840 3600 913 3691 ad·
936 3631 982 3697 ra
993 3631 1087 3699 reru.

144 3704 210 3809 itu
227 3721 390 3825 homo,
419 3719 683 3811 iraesrtandunr
712 3746 799 3807 nnn
834 3717 914 3818 est,
932 3728 1070 3778 tateme-

507 3834 570 3916 35
756 3842 857 3931 cum-
933 3811 1073 3876 ternam,
