<?xml version="1.0" encoding="UTF-8"?>
<!DOCTYPE html PUBLIC "-//W3C//DTD XHTML 1.0 Transitional//EN"
    "http://www.w3.org/TR/xhtml1/DTD/xhtml1-transitional.dtd">
<html xmlns="http://www.w3.org/1999/xhtml" xml:lang="en" lang="en">
 <head>
  <title>
</title>
<meta http-equiv="Content-Type" content="text/html;charset=utf-8" />
  <meta name='ocr-system' content='tesseract 3.04.00' />
  <meta name='ocr-capabilities' content='ocr_page ocr_carea ocr_par ocr_line ocrx_word'/>
</head>
<body>
  <div class='ocr_page' id='page_1' title='image "./principiatheolo00gerbgoog/principiatheolo00gerbgoog_0170.png"; bbox 0 0 2475 4450; ppageno 0'>
   <div class='ocr_carea' id='block_1_1' title="bbox 287 540 953 631">
    <p class='ocr_par' dir='ltr' id='par_1_1' title="bbox 287 540 953 631">
     <span class='ocr_line' id='line_1_1' title="bbox 287 540 953 631; baseline 0.005 -20"><span class='ocrx_word' id='word_1_1' title='bbox 287 540 367 631; x_wconf 77' lang='lat'>&#39;148</span> <span class='ocrx_word' id='word_1_2' title='bbox 477 557 535 612; x_wconf 83' lang='lat' dir='ltr'>uu</span> <span class='ocrx_word' id='word_1_3' title='bbox 562 552 953 615; x_wconf 68' lang='lat' dir='ltr'>possumusne,</span> 
     </span>
    </p>
   </div>
   <div class='ocr_carea' id='block_1_2' title="bbox 285 698 1080 2755">
    <p class='ocr_par' dir='ltr' id='par_1_2' title="bbox 285 698 1080 948">
     <span class='ocr_line' id='line_1_2' title="bbox 285 698 1080 782; baseline -0.004 -17"><span class='ocrx_word' id='word_1_4' title='bbox 285 775 287 779; x_wconf 11' lang='grc' dir='ltr'><em>Α</em></span> <span class='ocrx_word' id='word_1_5' title='bbox 314 710 321 781; x_wconf 69' lang='lat' dir='ltr'>j</span> <span class='ocrx_word' id='word_1_6' title='bbox 377 701 417 765; x_wconf 85' lang='lat' dir='ltr'>Et</span> <span class='ocrx_word' id='word_1_7' title='bbox 438 705 569 781; x_wconf 86' lang='lat' dir='ltr'>quamvis</span> <span class='ocrx_word' id='word_1_8' title='bbox 592 704 656 765; x_wconf 88' lang='lat' dir='ltr'>duae</span> <span class='ocrx_word' id='word_1_9' title='bbox 678 716 775 782; x_wconf 86' lang='lat' dir='ltr'>partes</span> <span class='ocrx_word' id='word_1_10' title='bbox 798 701 973 763; x_wconf 73' lang='lat' dir='ltr'>orthodoxae</span> <span class='ocrx_word' id='word_1_11' title='bbox 996 698 1080 763; x_wconf 83' lang='lat' dir='ltr'>essent</span> 
     </span>
     <span class='ocr_line' id='line_1_3' title="bbox 334 783 1080 863; baseline -0.005 -15.189"><span class='ocrx_word' id='word_1_12' title='bbox 334 785 429 848; x_wconf 85' lang='lat' dir='ltr'>ambae</span> <span class='ocrx_word' id='word_1_13' title='bbox 448 800 548 847; x_wconf 87' lang='lat' dir='ltr'>tamen</span> <span class='ocrx_word' id='word_1_14' title='bbox 565 788 674 849; x_wconf 89' lang='lat' dir='ltr'>mutuis</span> <span class='ocrx_word' id='word_1_15' title='bbox 690 786 898 863; x_wconf 86' lang='lat' dir='ltr'>suspicionibus</span> <span class='ocrx_word' id='word_1_16' title='bbox 919 783 978 845; x_wconf 89' lang='lat' dir='ltr'>sese</span> <span class='ocrx_word' id='word_1_17' title='bbox 997 804 1080 845; x_wconf 83' lang='lat' dir='ltr'>onera</span> 
     </span>
     <span class='ocr_line' id='line_1_4' title="bbox 295 867 1080 948; baseline -0.004 -17"><span class='ocrx_word' id='word_1_18' title='bbox 295 871 297 880; x_wconf 67' lang='grc'>”</span> <span class='ocrx_word' id='word_1_19' title='bbox 337 868 430 944; x_wconf 85' lang='lat' dir='ltr'>bant,</span> <span class='ocrx_word' id='word_1_20' title='bbox 453 870 610 948; x_wconf 74' lang='lat' dir='ltr'>pracsertim</span> <span class='ocrx_word' id='word_1_21' title='bbox 632 869 670 929; x_wconf 93' lang='lat' dir='ltr'>ob</span> <span class='ocrx_word' id='word_1_22' title='bbox 689 869 772 929; x_wconf 90' lang='lat' dir='ltr'>litem</span> <span class='ocrx_word' id='word_1_23' title='bbox 796 871 833 930; x_wconf 88' lang='lat' dir='ltr'>de</span> <span class='ocrx_word' id='word_1_24' title='bbox 864 888 939 931; x_wconf 85' lang='lat' dir='ltr'>voce</span> <span class='ocrx_word' id='word_1_25' title='bbox 965 867 1080 946; x_wconf 86' lang='lat' dir='ltr'>hyposta</span> 
     </span>
    </p>

    <p class='ocr_par' dir='ltr' id='par_1_3' title="bbox 296 950 1080 2755">
     <span class='ocr_line' id='line_1_5' title="bbox 336 950 1080 1029; baseline -0.007 -14"><span class='ocrx_word' id='word_1_26' title='bbox 336 952 392 1015; x_wconf 82' lang='lat' dir='ltr'>sss:</span> <span class='ocrx_word' id='word_1_27' title='bbox 417 972 504 1029; x_wconf 89' lang='lat' dir='ltr'>quam</span> <span class='ocrx_word' id='word_1_28' title='bbox 529 954 626 1013; x_wconf 85' lang='lat' dir='ltr'>oriens</span> <span class='ocrx_word' id='word_1_29' title='bbox 648 972 702 1029; x_wconf 89' lang='lat' dir='ltr'>pro</span> <span class='ocrx_word' id='word_1_30' title='bbox 734 952 857 1028; x_wconf 83' lang='lat' dir='ltr'>persona</span> <span class='ocrx_word' id='word_1_31' title='bbox 877 950 1026 1026; x_wconf 83' lang='lat' dir='ltr'><strong>sumebat,</strong></span> <span class='ocrx_word' id='word_1_32' title='bbox 1054 964 1080 1011; x_wconf 91' lang='lat' dir='ltr'>at</span> 
     </span>
     <span class='ocr_line' id='line_1_6' title="bbox 338 1033 1080 1114; baseline -0.007 -17"><span class='ocrx_word' id='word_1_33' title='bbox 338 1056 398 1113; x_wconf 89' lang='lat' dir='ltr'>que</span> <span class='ocrx_word' id='word_1_34' title='bbox 419 1048 478 1096; x_wconf 90' lang='lat' dir='ltr'>tres</span> <span class='ocrx_word' id='word_1_35' title='bbox 497 1033 639 1097; x_wconf 85' lang='lat' dir='ltr'>statuebat</span> <span class='ocrx_word' id='word_1_36' title='bbox 647 1057 659 1109; x_wconf 80' lang='lat'>3</span> <span class='ocrx_word' id='word_1_37' title='bbox 691 1036 853 1109; x_wconf 85' lang='lat' dir='ltr'>occidens,</span> <span class='ocrx_word' id='word_1_38' title='bbox 883 1048 1007 1114; x_wconf 86' lang='lat' dir='ltr'>etymon</span> <span class='ocrx_word' id='word_1_39' title='bbox 1030 1053 1080 1095; x_wconf 88' lang='lat' dir='ltr'>cun</span> 
     </span>
     <span class='ocr_line' id='line_1_7' title="bbox 336 1116 1080 1198; baseline -0.004 -19"><span class='ocrx_word' id='word_1_40' title='bbox 336 1118 429 1180; x_wconf 87' lang='lat' dir='ltr'>latina</span> <span class='ocrx_word' id='word_1_41' title='bbox 449 1137 523 1179; x_wconf 89' lang='lat' dir='ltr'>voce</span> <span class='ocrx_word' id='word_1_42' title='bbox 532 1116 700 1198; x_wconf 72' lang='lat' dir='ltr'>fielislanm&#39;a</span> <span class='ocrx_word' id='word_1_43' title='bbox 711 1118 917 1191; x_wconf 85' lang='lat' dir='ltr'>confundens,</span> <span class='ocrx_word' id='word_1_44' title='bbox 931 1136 1021 1179; x_wconf 89' lang='lat' dir='ltr'>unam</span> <span class='ocrx_word' id='word_1_45' title='bbox 1035 1130 1080 1177; x_wconf 85' lang='lat' dir='ltr'>tan</span> 
     </span>
     <span class='ocr_line' id='line_1_8' title="bbox 338 1198 1080 1264; baseline -0.004 -1"><span class='ocrx_word' id='word_1_46' title='bbox 338 1214 404 1263; x_wconf 86' lang='lat' dir='ltr'>tum</span> <span class='ocrx_word' id='word_1_47' title='bbox 426 1201 607 1263; x_wconf 86' lang='lat' dir='ltr'>admittebat.</span> <span class='ocrx_word' id='word_1_48' title='bbox 664 1202 737 1264; x_wconf 89' lang='lat' dir='ltr'>Cum</span> <span class='ocrx_word' id='word_1_49' title='bbox 767 1199 813 1261; x_wconf 84' lang='lat' dir='ltr'>his</span> <span class='ocrx_word' id='word_1_50' title='bbox 839 1198 1080 1261; x_wconf 76' lang='lat' dir='ltr'>PAULINUt</span> 
     </span>
     <span class='ocr_line' id='line_1_9' title="bbox 336 1280 1080 1361; baseline -0.005 -15"><span class='ocrx_word' id='word_1_51' title='bbox 336 1285 430 1359; x_wconf 83' lang='lat' dir='ltr'>fecit,</span> <span class='ocrx_word' id='word_1_52' title='bbox 456 1297 543 1361; x_wconf 88' lang='lat' dir='ltr'>atque</span> <span class='ocrx_word' id='word_1_53' title='bbox 565 1286 641 1347; x_wconf 89' lang='lat' dir='ltr'>adeo</span> <span class='ocrx_word' id='word_1_54' title='bbox 667 1284 792 1347; x_wconf 80' lang='lat' dir='ltr'>adversae</span> <span class='ocrx_word' id='word_1_55' title='bbox 815 1284 892 1361; x_wconf 89' lang='lat' dir='ltr'>parti</span> <span class='ocrx_word' id='word_1_56' title='bbox 920 1280 1080 1344; x_wconf 87' lang='lat' dir='ltr'>Sabellianil</span> 
     </span>
     <span class='ocr_line' id='line_1_10' title="bbox 338 1363 1080 1445; baseline -0.008 -15"><span class='ocrx_word' id='word_1_57' title='bbox 338 1370 382 1430; x_wconf 89' lang='lat' dir='ltr'>mi</span> <span class='ocrx_word' id='word_1_58' title='bbox 398 1365 563 1445; x_wconf 66' lang='lat' dir='ltr'>suspectus,</span> <span class='ocrx_word' id='word_1_59' title='bbox 594 1365 934 1430; x_wconf 56' lang='lat' dir='ltr'>&amp;assimilo</span> <span class='ocrx_word' id='word_1_60' title='bbox 971 1363 1080 1425; x_wconf 81' lang='lat' dir='ltr'>similite</span> 
     </span>
     <span class='ocr_line' id='line_1_11' title="bbox 335 1448 1080 1597; baseline -0.005 -84"><span class='ocrx_word' id='word_1_61' title='bbox 335 1471 408 1597; x_wconf 47' lang='grc' dir='ltr'>ἕπῃ</span> <span class='ocrx_word' id='word_1_62' title='bbox 439 1450 720 1513; x_wconf 75' lang='lat' dir='ltr'>MARCELLO</span> <span class='ocrx_word' id='word_1_63' title='bbox 754 1452 910 1528; x_wconf 88' lang='lat' dir='ltr'>Ancyrano</span> <span class='ocrx_word' id='word_1_64' title='bbox 944 1448 1080 1510; x_wconf 86' lang='lat' dir='ltr'>haereticu</span> 
     </span>
     <span class='ocr_line' id='line_1_12' title="bbox 378 1534 465 1597; baseline -0.011 -1"><span class='ocrx_word' id='word_1_65' title='bbox 378 1534 465 1597; x_wconf 78' lang='lat' dir='ltr'>bitus,</span> 
     </span>
     <span class='ocr_line' id='line_1_13' title="bbox 381 1614 1080 1695; baseline -0.006 -16"><span class='ocrx_word' id='word_1_66' title='bbox 381 1617 427 1679; x_wconf 87' lang='lat' dir='ltr'>Ita</span> <span class='ocrx_word' id='word_1_67' title='bbox 447 1618 566 1695; x_wconf 84' lang='lat' dir='ltr'>quidem</span> <span class='ocrx_word' id='word_1_68' title='bbox 586 1616 707 1679; x_wconf 88' lang='lat' dir='ltr'>schisma</span> <span class='ocrx_word' id='word_1_69' title='bbox 723 1616 869 1678; x_wconf 86' lang='lat' dir='ltr'>orientem</span> <span class='ocrx_word' id='word_1_70' title='bbox 889 1615 926 1676; x_wconf 90' lang='lat' dir='ltr'>ab</span> <span class='ocrx_word' id='word_1_71' title='bbox 944 1614 1080 1677; x_wconf 87' lang='lat' dir='ltr'>occident</span> 
     </span>
     <span class='ocr_line' id='line_1_14' title="bbox 306 1696 1080 1779; baseline -0.005 -16"><span class='ocrx_word' id='word_1_72' title='bbox 306 1720 310 1726; x_wconf 82' lang='grc'><strong><em>’</em></strong></span> <span class='ocrx_word' id='word_1_73' title='bbox 337 1700 510 1779; x_wconf 83' lang='lat' dir='ltr'>separabat,</span> <span class='ocrx_word' id='word_1_74' title='bbox 533 1718 595 1758; x_wconf 91' lang='lat' dir='ltr'>non</span> <span class='ocrx_word' id='word_1_75' title='bbox 626 1711 739 1760; x_wconf 90' lang='lat' dir='ltr'>tantum</span> <span class='ocrx_word' id='word_1_76' title='bbox 759 1697 977 1759; x_wconf 80' lang='lat' dir='ltr'>Antiochenam</span> <span class='ocrx_word' id='word_1_77' title='bbox 1009 1696 1080 1761; x_wconf 78' lang='lat' dir='ltr'>eccle</span> 
     </span>
     <span class='ocr_line' id='line_1_15' title="bbox 336 1778 1080 1857; baseline -0.003 -14"><span class='ocrx_word' id='word_1_78' title='bbox 336 1783 407 1843; x_wconf 78' lang='lat' dir='ltr'>fiam</span> <span class='ocrx_word' id='word_1_79' title='bbox 421 1781 573 1857; x_wconf 67' lang='lat' dir='ltr'>spestabat</span> <span class='ocrx_word' id='word_1_80' title='bbox 618 1778 820 1841; x_wconf 86' lang='lat' dir='ltr'>Nihilominus</span> <span class='ocrx_word' id='word_1_81' title='bbox 834 1781 864 1841; x_wconf 80' lang='lat' dir='ltr'>S.</span> <span class='ocrx_word' id='word_1_82' title='bbox 879 1782 943 1841; x_wconf 90' lang='lat' dir='ltr'>AT</span> <span class='ocrx_word' id='word_1_83' title='bbox 955 1782 986 1843; x_wconf 93' lang='lat' dir='ltr'><strong>H</strong></span> <span class='ocrx_word' id='word_1_84' title='bbox 995 1781 1019 1843; x_wconf 94' lang='lat' dir='ltr'>A</span> <span class='ocrx_word' id='word_1_85' title='bbox 1027 1782 1080 1843; x_wconf 90' lang='lat' dir='ltr'>NA</span> 
     </span>
     <span class='ocr_line' id='line_1_16' title="bbox 337 1859 1080 1938; baseline 0 -13"><span class='ocrx_word' id='word_1_86' title='bbox 337 1864 468 1938; x_wconf 66' lang='lat' dir='ltr'>stim,</span> <span class='ocrx_word' id='word_1_87' title='bbox 484 1866 512 1924; x_wconf 71' lang='grc' dir='ltr'><strong><em>ἃ</em></strong></span> <span class='ocrx_word' id='word_1_88' title='bbox 524 1859 643 1923; x_wconf 81' lang='lat' dir='ltr'>ecclesia</span> <span class='ocrx_word' id='word_1_89' title='bbox 655 1862 851 1923; x_wconf 84' lang='lat' dir='ltr'>Alexandrina</span> <span class='ocrx_word' id='word_1_90' title='bbox 866 1864 1021 1925; x_wconf 87' lang='lat' dir='ltr'>occidenti</span> <span class='ocrx_word' id='word_1_91' title='bbox 1033 1863 1080 1925; x_wconf 83' lang='lat' dir='ltr'>sen</span> 
     </span>
     <span class='ocr_line' id='line_1_17' title="bbox 336 1943 1080 2028; baseline 0.001 -21"><span class='ocrx_word' id='word_1_92' title='bbox 336 1966 392 2028; x_wconf 86' lang='lat' dir='ltr'>pet</span> <span class='ocrx_word' id='word_1_93' title='bbox 401 1944 673 2022; x_wconf 87' lang='lat' dir='ltr'>conjungebantur;</span> <span class='ocrx_word' id='word_1_94' title='bbox 697 1943 802 2022; x_wconf 89' lang='lat' dir='ltr'>aliique</span> <span class='ocrx_word' id='word_1_95' title='bbox 816 1944 1035 2022; x_wconf 82' lang='lat' dir='ltr'>agnoscebant,</span> <span class='ocrx_word' id='word_1_96' title='bbox 1048 1946 1080 2007; x_wconf 80' lang='lat' dir='ltr'>sal</span> 
     </span>
     <span class='ocr_line' id='line_1_18' title="bbox 335 2027 1080 2107; baseline 0 -15"><span class='ocrx_word' id='word_1_97' title='bbox 335 2030 397 2092; x_wconf 85' lang='lat' dir='ltr'>sam</span> <span class='ocrx_word' id='word_1_98' title='bbox 409 2029 465 2091; x_wconf 91' lang='lat' dir='ltr'>esse</span> <span class='ocrx_word' id='word_1_99' title='bbox 483 2028 674 2106; x_wconf 89' lang='lat' dir='ltr'>suspicionem</span> <span class='ocrx_word' id='word_1_100' title='bbox 687 2073 696 2101; x_wconf 84' lang='lat'><strong>‚</strong></span> <span class='ocrx_word' id='word_1_101' title='bbox 720 2048 777 2105; x_wconf 90' lang='lat' dir='ltr'>qua</span> <span class='ocrx_word' id='word_1_102' title='bbox 790 2027 943 2089; x_wconf 70' lang='lat' dir='ltr'>catholicae</span> <span class='ocrx_word' id='word_1_103' title='bbox 956 2030 1024 2091; x_wconf 88' lang='lat' dir='ltr'>duae</span> <span class='ocrx_word' id='word_1_104' title='bbox 1037 2050 1080 2107; x_wconf 82' lang='lat' dir='ltr'>pat</span> 
     </span>
     <span class='ocr_line' id='line_1_19' title="bbox 337 2110 1080 2185; baseline -0.004 -9"><span class='ocrx_word' id='word_1_105' title='bbox 337 2126 384 2176; x_wconf 84' lang='lat' dir='ltr'>tes</span> <span class='ocrx_word' id='word_1_106' title='bbox 403 2112 432 2175; x_wconf 89' lang='lat' dir='ltr'>se</span> <span class='ocrx_word' id='word_1_107' title='bbox 462 2111 630 2173; x_wconf 86' lang='lat' dir='ltr'>incusabant</span> <span class='ocrx_word' id='word_1_108' title='bbox 660 2110 832 2185; x_wconf 87' lang='lat' dir='ltr'>Arianismi‚</span> <span class='ocrx_word' id='word_1_109' title='bbox 863 2114 890 2173; x_wconf 85' lang='lat'>&amp;</span> <span class='ocrx_word' id='word_1_110' title='bbox 916 2111 1080 2174; x_wconf 79' lang='lat' dir='ltr'>Sabelliani</span> 
     </span>
     <span class='ocr_line' id='line_1_20' title="bbox 337 2194 1080 2273; baseline 0 -15"><span class='ocrx_word' id='word_1_111' title='bbox 337 2197 400 2270; x_wconf 87' lang='lat' dir='ltr'>mi,</span> <span class='ocrx_word' id='word_1_112' title='bbox 428 2198 516 2258; x_wconf 90' lang='lat' dir='ltr'>etiam</span> <span class='ocrx_word' id='word_1_113' title='bbox 537 2195 601 2273; x_wconf 88' lang='lat' dir='ltr'>post</span> <span class='ocrx_word' id='word_1_114' title='bbox 626 2209 751 2257; x_wconf 89' lang='lat' dir='ltr'>mortem</span> <span class='ocrx_word' id='word_1_115' title='bbox 773 2194 869 2257; x_wconf 90' lang='lat' dir='ltr'>adhuc</span> <span class='ocrx_word' id='word_1_116' title='bbox 894 2195 922 2257; x_wconf 85' lang='lat' dir='ltr'>S.</span> <span class='ocrx_word' id='word_1_117' title='bbox 947 2195 981 2257; x_wconf 84' lang='lat' dir='ltr'>m</span> <span class='ocrx_word' id='word_1_118' title='bbox 993 2196 1019 2258; x_wconf 87' lang='lat' dir='ltr'><strong>E</strong></span> <span class='ocrx_word' id='word_1_119' title='bbox 1031 2196 1054 2258; x_wconf 92' lang='lat' dir='ltr'>L</span> <span class='ocrx_word' id='word_1_120' title='bbox 1065 2196 1080 2258; x_wconf 82' lang='lat' dir='ltr'>l</span> 
     </span>
     <span class='ocr_line' id='line_1_21' title="bbox 336 2278 1080 2354; baseline -0.004 -11"><span class='ocrx_word' id='word_1_121' title='bbox 336 2279 413 2343; x_wconf 88' lang='grc' dir='ltr'>ΤΙΙ</span> <span class='ocrx_word' id='word_1_122' title='bbox 424 2279 474 2343; x_wconf 91' lang='lat' dir='ltr'>sub</span> <span class='ocrx_word' id='word_1_123' title='bbox 493 2278 617 2340; x_wconf 83' lang='lat' dir='ltr'>FLAV</span> <span class='ocrx_word' id='word_1_124' title='bbox 628 2279 642 2340; x_wconf 93' lang='lat' dir='ltr'>l</span> <span class='ocrx_word' id='word_1_125' title='bbox 653 2278 715 2340; x_wconf 88' lang='lat' dir='ltr'>AN</span> <span class='ocrx_word' id='word_1_126' title='bbox 727 2278 753 2340; x_wconf 94' lang='lat' dir='ltr'>O</span> <span class='ocrx_word' id='word_1_127' title='bbox 766 2278 816 2339; x_wconf 92' lang='lat' dir='ltr'>diu</span> <span class='ocrx_word' id='word_1_128' title='bbox 827 2278 1005 2354; x_wconf 84' lang='lat' dir='ltr'>perdurante</span> <span class='ocrx_word' id='word_1_129' title='bbox 1017 2279 1080 2343; x_wconf 88' lang='lat' dir='ltr'>schi</span> 
     </span>
     <span class='ocr_line' id='line_1_22' title="bbox 296 2361 1073 2440; baseline 0 -14"><span class='ocrx_word' id='word_1_130' title='bbox 296 2372 298 2376; x_wconf 71' lang='lat'>‘</span> <span class='ocrx_word' id='word_1_131' title='bbox 336 2378 439 2437; x_wconf 88' lang='lat' dir='ltr'>mate,</span> <span class='ocrx_word' id='word_1_132' title='bbox 478 2362 557 2440; x_wconf 92' lang='lat' dir='ltr'>quod</span> <span class='ocrx_word' id='word_1_133' title='bbox 584 2382 621 2423; x_wconf 81' lang='lat' dir='ltr'>ex</span> <span class='ocrx_word' id='word_1_134' title='bbox 658 2363 686 2423; x_wconf 89' lang='lat' dir='ltr'>S.</span> <span class='ocrx_word' id='word_1_135' title='bbox 713 2361 1073 2426; x_wconf 84' lang='lat' dir='ltr'>CHRYSOSTOM</span> 
     </span>
     <span class='ocr_line' id='line_1_23' title="bbox 336 2444 1080 2524; baseline -0.003 -15"><span class='ocrx_word' id='word_1_136' title='bbox 336 2446 460 2509; x_wconf 88' lang='lat' dir='ltr'>homilia</span> <span class='ocrx_word' id='word_1_137' title='bbox 481 2447 518 2506; x_wconf 88' lang='lat' dir='ltr'>de</span> <span class='ocrx_word' id='word_1_138' title='bbox 527 2444 711 2506; x_wconf 87' lang='lat' dir='ltr'>anathemate</span> <span class='ocrx_word' id='word_1_139' title='bbox 730 2444 885 2522; x_wconf 89' lang='lat' dir='ltr'>colligitur.</span> <span class='ocrx_word' id='word_1_140' title='bbox 933 2444 1033 2520; x_wconf 90' lang='lat' dir='ltr'>Hujus</span> <span class='ocrx_word' id='word_1_141' title='bbox 1046 2465 1080 2524; x_wconf 91' lang='lat' dir='ltr'>pu</span> 
     </span>
     <span class='ocr_line' id='line_1_24' title="bbox 338 2528 1080 2604; baseline 0 -12"><span class='ocrx_word' id='word_1_142' title='bbox 338 2529 445 2592; x_wconf 85' lang='lat' dir='ltr'>tissima</span> <span class='ocrx_word' id='word_1_143' title='bbox 477 2546 566 2604; x_wconf 89' lang='lat' dir='ltr'>opera</span> <span class='ocrx_word' id='word_1_144' title='bbox 597 2529 818 2589; x_wconf 91' lang='lat' dir='ltr'>communicatis</span> <span class='ocrx_word' id='word_1_145' title='bbox 857 2547 924 2588; x_wconf 88' lang='lat' dir='ltr'>cum</span> <span class='ocrx_word' id='word_1_146' title='bbox 958 2528 986 2588; x_wconf 82' lang='lat' dir='ltr'>S.</span> <span class='ocrx_word' id='word_1_147' title='bbox 1013 2529 1080 2592; x_wconf 84' lang='lat' dir='ltr'>AN</span> 
     </span>
     <span class='ocr_line' id='line_1_25' title="bbox 337 2609 1080 2685; baseline 0 -11"><span class='ocrx_word' id='word_1_148' title='bbox 337 2609 531 2674; x_wconf 88' lang='lat' dir='ltr'><strong>BROSIO</strong></span> <span class='ocrx_word' id='word_1_149' title='bbox 551 2609 699 2682; x_wconf 78' lang='lat' dir='ltr'>consiliis,</span> <span class='ocrx_word' id='word_1_150' title='bbox 724 2612 752 2670; x_wconf 75' lang='lat' dir='ltr'>sc</span> <span class='ocrx_word' id='word_1_151' title='bbox 777 2610 890 2685; x_wconf 86' lang='lat' dir='ltr'>studio,</span> <span class='ocrx_word' id='word_1_152' title='bbox 912 2609 1037 2673; x_wconf 88' lang='lat' dir='ltr'>schisma</span> <span class='ocrx_word' id='word_1_153' title='bbox 1051 2631 1080 2674; x_wconf 89' lang='lat' dir='ltr'>ca</span> 
     </span>
     <span class='ocr_line' id='line_1_26' title="bbox 336 2691 814 2755; baseline 0 0"><span class='ocrx_word' id='word_1_154' title='bbox 336 2692 463 2755; x_wconf 86' lang='lat' dir='ltr'>tholicos</span> <span class='ocrx_word' id='word_1_155' title='bbox 483 2691 559 2751; x_wconf 89' lang='lat' dir='ltr'>inter</span> <span class='ocrx_word' id='word_1_156' title='bbox 580 2691 621 2752; x_wconf 87' lang='lat' dir='ltr'>est</span> <span class='ocrx_word' id='word_1_157' title='bbox 642 2694 814 2755; x_wconf 73' lang='lat' dir='ltr'>extinctum.</span> 
     </span>
    </p>
   </div>
   <div class='ocr_carea' id='block_1_3' title="bbox 272 2829 1080 3888">
    <p class='ocr_par' dir='ltr' id='par_1_4' title="bbox 334 2829 1080 3409">
     <span class='ocr_line' id='line_1_27' title="bbox 378 2829 1080 2896; baseline -0.003 -1"><span class='ocrx_word' id='word_1_158' title='bbox 378 2833 422 2895; x_wconf 88' lang='lat' dir='ltr'>Eo</span> <span class='ocrx_word' id='word_1_159' title='bbox 444 2829 541 2893; x_wconf 89' lang='lat' dir='ltr'>adhuc</span> <span class='ocrx_word' id='word_1_160' title='bbox 575 2830 698 2894; x_wconf 89' lang='lat' dir='ltr'>durante</span> <span class='ocrx_word' id='word_1_161' title='bbox 731 2851 809 2893; x_wconf 87' lang='lat' dir='ltr'>nova</span> <span class='ocrx_word' id='word_1_162' title='bbox 841 2833 928 2894; x_wconf 65' lang='lat' dir='ltr'>fassio</span> <span class='ocrx_word' id='word_1_163' title='bbox 951 2833 981 2896; x_wconf 91' lang='lat' dir='ltr'>se</span> <span class='ocrx_word' id='word_1_164' title='bbox 1001 2835 1080 2896; x_wconf 84' lang='lat' dir='ltr'>erexi</span> 
     </span>
     <span class='ocr_line' id='line_1_28' title="bbox 337 2913 1080 2995; baseline -0.004 -15"><span class='ocrx_word' id='word_1_165' title='bbox 337 2914 606 2995; x_wconf 85' lang='lat' dir='ltr'>Apollinarrstarum</span> <span class='ocrx_word' id='word_1_166' title='bbox 615 2935 667 2992; x_wconf 82' lang='lat' dir='ltr'>per</span> <span class='ocrx_word' id='word_1_167' title='bbox 683 2913 872 2977; x_wconf 84' lang='lat' dir='ltr'>VITALE</span> <span class='ocrx_word' id='word_1_168' title='bbox 886 2916 932 2989; x_wconf 85' lang='lat' dir='ltr'>M,</span> <span class='ocrx_word' id='word_1_169' title='bbox 951 2919 1001 2994; x_wconf 88' lang='lat' dir='ltr'>qui</span> <span class='ocrx_word' id='word_1_170' title='bbox 1011 2931 1080 2980; x_wconf 74' lang='lat' dir='ltr'>anter</span> 
     </span>
     <span class='ocr_line' id='line_1_29' title="bbox 337 2997 1080 3076; baseline 0 -15"><span class='ocrx_word' id='word_1_171' title='bbox 337 3020 357 3061; x_wconf 89' lang='lat' dir='ltr'>a</span> <span class='ocrx_word' id='word_1_172' title='bbox 375 2997 586 3061; x_wconf 90' lang='lat' dir='ltr'>PAULINI</span> <span class='ocrx_word' id='word_1_173' title='bbox 613 3011 696 3076; x_wconf 90' lang='lat' dir='ltr'>parte</span> <span class='ocrx_word' id='word_1_174' title='bbox 720 2997 818 3059; x_wconf 85' lang='lat' dir='ltr'>stabat.</span> <span class='ocrx_word' id='word_1_175' title='bbox 862 2998 891 3060; x_wconf 88' lang='lat' dir='ltr'>ls</span> <span class='ocrx_word' id='word_1_176' title='bbox 913 2999 1080 3064; x_wconf 89' lang='lat' dir='ltr'>Romaesub</span> 
     </span>
     <span class='ocr_line' id='line_1_30' title="bbox 335 3080 1080 3146; baseline -0.001 -2"><span class='ocrx_word' id='word_1_177' title='bbox 335 3082 408 3144; x_wconf 85' lang='lat' dir='ltr'>dola</span> <span class='ocrx_word' id='word_1_178' title='bbox 438 3080 617 3144; x_wconf 86' lang='lat' dir='ltr'>conseshone</span> <span class='ocrx_word' id='word_1_179' title='bbox 662 3082 875 3142; x_wconf 89' lang='lat' dir='ltr'>communionis</span> <span class='ocrx_word' id='word_1_180' title='bbox 909 3080 1024 3146; x_wconf 86' lang='lat' dir='ltr'>litteras</span> <span class='ocrx_word' id='word_1_181' title='bbox 1055 3082 1080 3144; x_wconf 83' lang='lat' dir='ltr'>al</span> 
     </span>
     <span class='ocr_line' id='line_1_31' title="bbox 334 3162 1080 3243; baseline 0 -16"><span class='ocrx_word' id='word_1_182' title='bbox 334 3162 357 3229; x_wconf 89' lang='lat' dir='ltr'><strong>P</strong></span> <span class='ocrx_word' id='word_1_183' title='bbox 369 3165 488 3227; x_wconf 92' lang='lat' dir='ltr'>AULl</span> <span class='ocrx_word' id='word_1_184' title='bbox 500 3164 563 3226; x_wconf 93' lang='lat' dir='ltr'>NU</span> <span class='ocrx_word' id='word_1_185' title='bbox 577 3164 611 3227; x_wconf 87' lang='grc' dir='ltr'><strong>Μ</strong></span> <span class='ocrx_word' id='word_1_186' title='bbox 634 3163 767 3240; x_wconf 81' lang='lat' dir='ltr'>accepit3</span> <span class='ocrx_word' id='word_1_187' title='bbox 801 3165 899 3242; x_wconf 76' lang='lat' dir='ltr'>postea</span> <span class='ocrx_word' id='word_1_188' title='bbox 918 3177 1019 3226; x_wconf 88' lang='lat' dir='ltr'>tamen</span> <span class='ocrx_word' id='word_1_189' title='bbox 1034 3165 1080 3243; x_wconf 85' lang='lat' dir='ltr'>epi·</span> 
     </span>
     <span class='ocr_line' id='line_1_32' title="bbox 334 3246 1080 3326; baseline -0.003 -14"><span class='ocrx_word' id='word_1_190' title='bbox 334 3249 455 3326; x_wconf 91' lang='lat' dir='ltr'>scopum</span> <span class='ocrx_word' id='word_1_191' title='bbox 465 3248 493 3310; x_wconf 90' lang='lat' dir='ltr'>se</span> <span class='ocrx_word' id='word_1_192' title='bbox 504 3261 606 3323; x_wconf 85' lang='lat' dir='ltr'>contra</span> <span class='ocrx_word' id='word_1_193' title='bbox 630 3246 723 3324; x_wconf 90' lang='lat' dir='ltr'>ipsum</span> <span class='ocrx_word' id='word_1_194' title='bbox 745 3246 1015 3310; x_wconf 83' lang='lat' dir='ltr'>PAULINUM</span> <span class='ocrx_word' id='word_1_195' title='bbox 1035 3249 1080 3310; x_wconf 89' lang='lat' dir='ltr'>An·</span> 
     </span>
     <span class='ocr_line' id='line_1_33' title="bbox 335 3330 1080 3409; baseline -0.003 -15"><span class='ocrx_word' id='word_1_196' title='bbox 335 3331 453 3396; x_wconf 89' lang='lat' dir='ltr'>tiochiae</span> <span class='ocrx_word' id='word_1_197' title='bbox 477 3332 607 3392; x_wconf 88' lang='lat' dir='ltr'>ordinati</span> <span class='ocrx_word' id='word_1_198' title='bbox 633 3330 724 3401; x_wconf 88' lang='lat' dir='ltr'>secit,</span> <span class='ocrx_word' id='word_1_199' title='bbox 742 3331 872 3406; x_wconf 86' lang='lat' dir='ltr'>quamvis</span> <span class='ocrx_word' id='word_1_200' title='bbox 893 3348 1017 3407; x_wconf 88' lang='lat' dir='ltr'>parvum</span> <span class='ocrx_word' id='word_1_201' title='bbox 1031 3349 1080 3409; x_wconf 78' lang='lat' dir='ltr'>gre</span> 
     </span>
    </p>

    <p class='ocr_par' dir='ltr' id='par_1_5' title="bbox 272 3410 1080 3888">
     <span class='ocr_line' id='line_1_34' title="bbox 272 3410 1080 3494; baseline -0.02 -13"><span class='ocrx_word' id='word_1_202' title='bbox 272 3477 275 3481; x_wconf 84' lang='lat'>.</span> <span class='ocrx_word' id='word_1_203' title='bbox 335 3435 403 3494; x_wconf 81' lang='lat' dir='ltr'>gem</span> <span class='ocrx_word' id='word_1_204' title='bbox 414 3416 542 3492; x_wconf 86' lang='lat' dir='ltr'>potuerit</span> <span class='ocrx_word' id='word_1_205' title='bbox 554 3411 697 3478; x_wconf 83' lang='lat' dir='ltr'>nancisci:</span> <span class='ocrx_word' id='word_1_206' title='bbox 714 3431 748 3471; x_wconf 87' lang='lat' dir='ltr'>ac</span> <span class='ocrx_word' id='word_1_207' title='bbox 761 3411 872 3472; x_wconf 91' lang='lat' dir='ltr'>summo</span> <span class='ocrx_word' id='word_1_208' title='bbox 884 3410 971 3486; x_wconf 89' lang='lat' dir='ltr'>zelo,</span> <span class='ocrx_word' id='word_1_209' title='bbox 988 3413 1016 3475; x_wconf 92' lang='lat' dir='ltr'>D</span> <span class='ocrx_word' id='word_1_210' title='bbox 1028 3413 1080 3476; x_wconf 86' lang='lat'>10.</span> 
     </span>
     <span class='ocr_line' id='line_1_35' title="bbox 333 3492 1080 3574; baseline -0.008 -11"><span class='ocrx_word' id='word_1_211' title='bbox 333 3499 363 3563; x_wconf 83' lang='lat' dir='ltr'>D</span> <span class='ocrx_word' id='word_1_212' title='bbox 375 3499 402 3561; x_wconf 93' lang='grc' dir='ltr'><strong>Ο</strong></span> <span class='ocrx_word' id='word_1_213' title='bbox 416 3498 440 3559; x_wconf 93' lang='lat' dir='ltr'><strong>R</strong></span> <span class='ocrx_word' id='word_1_214' title='bbox 452 3496 467 3557; x_wconf 92' lang='lat' dir='ltr'>I</span> <span class='ocrx_word' id='word_1_215' title='bbox 488 3495 644 3574; x_wconf 69' lang='lat' dir='ltr'>praesertim</span> <span class='ocrx_word' id='word_1_216' title='bbox 655 3492 817 3570; x_wconf 83' lang='lat' dir='ltr'>presbyteri</span> <span class='ocrx_word' id='word_1_217' title='bbox 827 3493 1016 3569; x_wconf 89' lang='lat' dir='ltr'>Antiocheni‚</span> <span class='ocrx_word' id='word_1_218' title='bbox 1029 3515 1080 3573; x_wconf 88' lang='lat' dir='ltr'>par·</span> 
     </span>
     <span class='ocr_line' id='line_1_36' title="bbox 334 3575 1080 3651; baseline -0.008 -6"><span class='ocrx_word' id='word_1_219' title='bbox 334 3586 372 3645; x_wconf 87' lang='lat' dir='ltr'>tis</span> <span class='ocrx_word' id='word_1_220' title='bbox 397 3575 645 3648; x_wconf 85' lang='lat' dir='ltr'>MELETII,</span> <span class='ocrx_word' id='word_1_221' title='bbox 675 3595 785 3651; x_wconf 87' lang='lat' dir='ltr'>opera,</span> <span class='ocrx_word' id='word_1_222' title='bbox 815 3577 1080 3640; x_wconf 89' lang='lat' dir='ltr'>APOLLINA·</span> 
     </span>
     <span class='ocr_line' id='line_1_37' title="bbox 331 3658 1080 3732; baseline -0.005 -7"><span class='ocrx_word' id='word_1_223' title='bbox 331 3663 415 3728; x_wconf 77' lang='lat' dir='ltr'>uls</span> <span class='ocrx_word' id='word_1_224' title='bbox 446 3659 559 3721; x_wconf 88' lang='lat' dir='ltr'>haerefis</span> <span class='ocrx_word' id='word_1_225' title='bbox 581 3659 688 3732; x_wconf 69' lang='lat' dir='ltr'>rejecta</span> <span class='ocrx_word' id='word_1_226' title='bbox 710 3658 758 3720; x_wconf 89' lang='lat' dir='ltr'>est.</span> <span class='ocrx_word' id='word_1_227' title='bbox 815 3659 1080 3723; x_wconf 85' lang='lat' dir='ltr'><strong>DIODORUS</strong></span> 
     </span>
     <span class='ocr_line' id='line_1_38' title="bbox 330 3740 1080 3888; baseline -0.003 -82"><span class='ocrx_word' id='word_1_228' title='bbox 330 3747 385 3812; x_wconf 82' lang='lat' dir='ltr'>iste</span> <span class='ocrx_word' id='word_1_229' title='bbox 417 3741 518 3823; x_wconf 79' lang='lat' dir='ltr'>postca</span> <span class='ocrx_word' id='word_1_230' title='bbox 541 3761 559 3804; x_wconf 86' lang='lat' dir='ltr'>a</span> <span class='ocrx_word' id='word_1_231' title='bbox 580 3740 680 3805; x_wconf 88' lang='lat' dir='ltr'>multis</span> <span class='ocrx_word' id='word_1_232' title='bbox 714 3744 861 3805; x_wconf 87' lang='lat' dir='ltr'>contrario</span> <span class='ocrx_word' id='word_1_233' title='bbox 894 3743 997 3888; x_wconf 48' lang='lat' dir='ltr'>error}</span> <span class='ocrx_word' id='word_1_234' title='bbox 1012 3741 1080 3804; x_wconf 87' lang='lat' dir='ltr'>NE·</span> 
     </span>
    </p>
   </div>
   <div class='ocr_carea' id='block_1_4' title="bbox 0 0 1242 4450">
    <p class='ocr_par' dir='ltr' id='par_1_6' title="bbox 0 0 1242 4450">
     <span class='ocr_line' id='line_1_39' title="bbox 0 0 1242 4450; baseline 0 0"><span class='ocrx_word' id='word_1_235' title='bbox 0 0 1242 4450; x_wconf 95' lang='lat' dir='ltr'> </span> 
     </span>
    </p>
   </div>
  </div>
 </body>
</html>
