2475 4450
308 512 378 632 ,a
469 537 945 616 nr'noer'rrrrrare.

130 698 226 849 rxnssamfris
238 700 293 776 aa}
323 698 452 790 modo
469 697 658 787 humanae
673 722 851 831 naturae,
869 677 1125 904 libemffiqqe

214 830 224 863 '
323 838 641 1012 {irriserit
655 810 1161 1023 irritati-itti.

325 1038 666 1123 virtuteDElex
713 1033 1125 1150 toinfignis,&pro·
1155 1019 1159 1024 ⁸

324 1146 480 1262 digis,
513 1147 626 1264 juxta
647 1175 694 1234 ae
727 1144 970 1261 praedittum
997 1147 1123 1237 fuerat

177 1279 180 1286 ·
288 1275 403 1375 ¹per
419 1261 654 1375 prophetas.
747 1274 750 1281 ·
822 1320 824 1324 ⁴

411 1437 502 1516 Vim,
528 1461 563 1505 ac
581 1440 768 1503 resistentiam
798 1438 956 1502 maximam
986 1438 1127 1519 evangelii

366 1541 540 1603 precones,
572 1524 625 1604 ipsr
645 1526 795 1599 inermes,
825 1521 1017 1586 nihilominus
1035 1524 1127 1602 pervi-

291 1607 301 1627 '·
367 1620 482 1671 cerunt.
538 1608 610 1671 Non
641 1609 728 1669 etiam
752 1608 840 1685 periti
868 1608 937 1669 artis
963 1604 1121 1671 suadendi:

363 1687 469 1753 studiis
498 1710 560 1752 non
590 1690 711 1753 fuerunt
732 1690 885 1752 innutriti:
918 1688 998 1767 quod
1019 1688 1124 1752 etiamsi

365 1772 504 1847 fuiffent,
528 1776 557 1836 δι
569 1772 758 1851 eloquentia,
777 1771 920 1851 suadaque
939 1771 1052 1836 summa
1063 1764 1125 1852 poI-

366 1852 504 1929 luiisent,
529 1875 586 1919 nec
597 1856 649 1918 ista
663 1868 725 1918 arte
754 1868 851 1918 totum
868 1854 1033 1931 mundum,
1058 1875 1126 1919 una-

367 1955 438 1999 cum
458 1938 580 2015 inferis,
609 1938 745 2001 adversus
777 1936 806 2000 se
827 1950 989 2013 armatum,
1012 1939 1045 2000 in
1065 1938 1126 2002 suas

365 2031 466 2102 partes
486 2020 656 2100 pertrahere
679 2020 858 2103 potuissent,
887 2020 979 2084 veluti
999 2021 1124 2098 invitos,

329 2153 331 2158 .
364 2124 402 2167 ac
420 2107 549 2169 maxime
582 2107 754 2169 renitentes.
813 2104 913 2168 Genus
936 2102 1056 2183 aiiquod
1080 2126 1128 2167 eo-

364 2198 451 2264 rum,
468 2189 519 2268 qui
543 2187 639 2253 veluti
668 2189 756 2252 inviti
775 2187 856 2252 ducti
877 2187 933 2251 smt
951 2187 989 2250 ad
1012 2186 1127 2267 religio-

363 2291 453 2345 nem,
491 2272 582 2336 refert
617 2271 905 2346 ORIGENE83
935 2269 986 2333 sed
1026 2272 1125 2336 divina

182 2399 188 2434 2
362 2352 493 2432 virtute,
517 2376 579 2420 non
595 2358 625 2420 vi
639 2355 735 2434 aliqua
757 2353 875 2417 adversa
889 2352 1024 2417 humanae
1038 2353 1126 2418 liher-

131 2405 213 2496 ΟΜ·
230 2433 297 2482 ‘⁰⁹2⁴
326 2496 332 2504 .
361 2445 426 2509 tati·
469 2443 621 2514 Irridear,
641 2437 781 2512 suntejus
795 2437 904 2512 verba,
929 2439 997 2500 licet
1020 2443 1125 2504 CEL

129 2504 181 2562 m
197 2506 265 2601 ω’,
361 2528 385 2587 S
397 2524 453 2586 US
464 2564 475 2596 ,
497 2524 706 2596 autJudaeus,
734 2539 820 2600 quem
831 2523 1022 2596 introduxit,
1039 2526 1124 2604 quod

120 2578 201 2663 suma
225 2589 291 2649 M·
361 2606 497 2679 dicetur,
520 2607 619 2664 dicam
638 2605 848 2679 nihilominus,
870 2606 977 2666 nmltor
1000 2607 1043 2666 ad
1057 2609 1122 2669 reli·

128 2667 156 2729 Ῑ·
195 2711 204 2729 ·
257 2696 266 2730 ³
358 2689 476 2765 gionem
508 2685 697 2766 christianam
720 2681 851 2767 acceffiffi
881 2689 963 2749 velut
991 2689 1123 2752 invitor.-

353 2765 468 2850 fpiritu
487 2773 615 2850 quodam
633 2768 700 2849 stae
716 2786 770 2848 per
779 2766 932 2849 fhmnium
953 2772 1123 2835 initlorum

361 2854 476 2912 animos
506 2865 626 2931 agente,
655 2866 744 2934 atque
767 2857 813 2915 ita
833 2855 894 2915 illos
932 2855 1123 2932 immutante,

360 2946 417 3009 ut,
440 2938 563 3016 quadiu
581 2937 661 2998 illam
681 2948 871 3013 conceperant
887 2938 1009 3011 odium,
1043 2940 1126 3020 depo-

361 3030 488 3093 nerent,
516 3017 556 3094 ἐξ
572 3035 627 3097 pro
649 3022 699 3082 ita
721 3032 844 3081 mortem
875 3031 1001 3097 oppetere
1009 3019 1123 3101 statue·

360 3113 437 3163 rent.
482 3099 579 3165 Multa
597 3102 743 3178 ejusmodi
761 3099 841 3165 noffe
862 3101 891 3164 se
909 3100 1029 3176 scribit,
1051 3123 1123 3183 quo-

229 3187 237 3206 '
359 3203 427 3248 rum
444 3183 579 3248 oculatus
599 3186 678 3248 testis
705 3186 802 3248 fuerit
845 3184 883 3248 Et
903 3182 1123 3252 TERTUL·

358 3266 548 3332 LIANUS
566 3268 706 3344 testatur,
732 3266 890 3346 plerosque
906 3268 949 3330 ita
966 3267 1054 3333 DEI
1074 3289 1123 3334 oo·

346 3350 525 3435 „gnitionem
541 3351 683 3430 accepisse
704 3353 737 3413 in
753 3350 932 3426 vifionibus,
959 3371 994 3414 ae
1017 3351 1124 3419 insom-

287 3502 292 3510 ,
358 3435 427 3498 niis.
472 3434 646 3511 Cuiusmodi
664 3431 800 3511 exempla
817 3434 896 3497 sacra
913 3431 1033 3498 historia
1047 3454 1123 3500 mar.

359 3527 459 3603 tyrum
479 3516 637 3597 presertim
656 3515 806 3596 complura
824 3516 1000 3597 suppeditat.

401 3666 460 3733 Sed
479 3667 665 3745 communia,
696 3686 731 3731 ae
750 3676 851 3748 aperta
869 3664 979 3729 divinae
1003 3669 1120 3732 virtutis

359 3762 530 3834 argumenta
549 3749 670 3819 fuerunt
691 3751 854 3830 miracula,
871 3751 900 3815 &
915 3748 1119 3901 imptlleifflhma·
