2475 4450
166 377 288 435 rose
321 374 589 439 currsrurt.
613 349 814 443 saurir.
843 370 913 457 123

148 525 184 589 ἅ·
198 521 390 603 sequentibus
412 523 596 602 generalibus
615 526 676 603 est,
709 528 849 594 cohibere
863 552 918 612 po-

147 618 297 683 tuerunt,
323 609 396 686 quin
417 629 436 672 a
455 608 554 672 multis
577 610 641 686 ejus
664 609 854 692 susciperetur
865 634 918 694 pa·

148 692 333 767 trocinium3
355 711 419 753 non
433 711 546 754 errores
565 693 598 753 in
623 712 659 755 eo
677 694 918 776 proscriptosdu

149 774 327 850 fendendo,
355 773 406 837 sed
424 777 487 853 ejus
506 777 669 840 innocuum
704 778 831 842 studium
854 779 917 845 luu-

150 859 278 921 dando:
302 860 351 935 qui
374 878 442 921 cum
459 858 585 937 plurima
603 859 761 937 scriberet,
791 863 866 942 sepe
884 884 917 927 0-
976 932 983 945 ,

149 942 308 1020 pinando,
341 944 370 1004 &
402 944 557 1005 veritatem
596 944 765 1023 indagando
791 948 914 1026 potius,
946 993 948 998 -

150 1045 245 1103 quam
261 1024 413 1087 statuendo
431 1024 523 1087 multa
537 1023 653 1104 posuit3
674 1027 767 1092 multa
777 1032 867 1093 etiarn
879 1030 916 1093 ab

149 1108 218 1171 aliis
238 1109 300 1184 ejus
325 1107 438 1187 scriptis
449 1107 517 1171 sunt
542 1107 643 1186 illata,
668 1130 732 1189 quae
752 1112 804 1191 ipfi
817 1113 917 1192 postea

148 1192 299 1276 ,imputata
321 1190 396 1262 fiunt,

194 1308 263 1377 Nee
284 1327 398 1371 errores
421 1306 535 1388 aliquos
555 1312 796 1376 contraecclesrae
809 1313 919 1376 doetri-

152 1411 244 1469 narn,
282 1391 543 1472 definitionemque
562 1398 791 1459 contumaciter
815 1395 918 1460 defens

152 1476 221 1551 dit,
256 1478 285 1537 ἃ
305 1477 444 1554 quamdiu
470 1478 567 1552 vixit,
604 1498 757 1558 nunquam
776 1479 816 1542 ob
837 1500 917 1543 erro·

125 1619 127 1622 .
151 1578 219 1621 rem
238 1557 366 1636 aliquem.
376 1560 454 1628 circa.
474 1560 565 1622 fidem
584 1561 740 1626 damnatus
762 1563 822 1640 est3
845 1562 918 1627 licet

149 1642 226 1705 'alias
242 1640 281 1703 ob
303 1640 420 1719 causas,
444 1645 592 1722 praecipue
615 1646 812 1709 voluntariam
830 1647 917 1710 muti-

150 1724 297 1787 lationem
318 1724 521 1802 Aiexandriae,
550 1730 579 1790 ἅ
600 1728 670 1791 alibi
691 1731 726 1793 srt
747 1750 764 1794 a
785 1750 917 1795 commu-

151 1810 245 1871 nione
256 1806 444 1888 segregatus,
465 1810 668 1880 &damnatus
714 1814 804 1890 Quud
817 1813 916 1878 ausum
941 1834 1020 1913 053,
1033 1835 1068 1895 ᾖ,

145 1892 213 1971 ipse
236 1892 338 1971 pastea
356 1893 530 1968 damnavit,
568 1893 598 1957 se
619 1896 777 1974 deceptum
798 1897 914 1971 videns,
938 1918 1039 1987 Mam

150 1975 274 2039 litterali
295 1977 419 2037 nimium
439 1974 616 2043 adhaerendo
638 1977 750 2055 sensui,
773 1980 806 2045 in
820 1976 919 2047 verbis
975 1980 977 1983 ⁴

152 2057 373 2128 CHRISTI
395 2059 432 2128 de
453 2058 619 2126 eunuchis:
642 2062 705 2136 ita,
727 2060 871 2139 utpostea
885 2062 918 2124 in

151 2142 305 2206 adversam
329 2142 428 2220 potius
442 2139 598 2211 declinarit
615 2157 755 2221 partem,
772 2142 918 2223 allegoriae

150 2230 278 2290 nimium
306 2225 473 2294 tribuendo,
530 2226 611 2302 Qui,
637 2226 741 2305 siquis
766 2225 861 2304 alius,
890 2227 919 2290 ei

151 2331 233 2373 error
257 2309 396 2387 imputari
414 2310 510 2387 potest
529 2329 598 2372 cum
613 2311 757 2385 veritate,
781 2308 831 2372 alii
846 2329 918 2391 prae·

153 2395 237 2472 cipui
267 2392 508 2470 depravatoribus
523 2394 625 2471 potius
637 2393 715 2469 suiS,
738 2396 767 2456 δι
781 2392 857 2462 falsis
875 2392 919 2457 sui

151 2478 284 2539 nominis
304 2475 509 2554 impostoribus
532 2475 622 2539 tribui
637 2478 714 2540 forte
735 2491 853 2556 queant.

193 2559 281 2624 Nihil
300 2560 396 2622 dicam
416 2559 454 2620 de
483 2559 585 2622 infami
615 2558 714 2623 hareb
742 2560 919 2640 Origenista·
1053 2640 1055 2644 Ι

148 2665 242 2719 rum,
275 2645 374 2721 potins
410 2641 615 2709 Gnosticorum
641 2645 791 2722 germine,
831 2664 921 2722 quam
1042 2659 1044 2665 '

152 2725 423 2792 ORIGENIS.
467 2725 614 2788 Damnato
633 2729 772 2806 conjugio
791 2728 920 2806 impudi.

153 2812 239 2874 citias
267 2809 364 2871 omnis
386 2811 501 2886 generis
528 2810 743 2885 admittebant,
774 2829 920 2888 quamque

151 2890 568 2967 necEPIPHANIUS,
598 2891 671 2956 alias
692 2889 921 2957 ORIGENI

151 2975 308 3049 intensus,
333 2975 361 3038 ei
383 2974 472 3038 audet
496 2976 649 3054 imputare.

197 3093 280 3159 Dum
298 3094 396 3158 adhuc
424 3097 521 3172 vixit,
554 3095 616 3175 ipse
648 3095 868 3175 deprehendit,
893 3098 922 3159 ἀ

154 3177 329 3257 impostores
349 3181 501 3256 convicit,
525 3182 576 3257 qui
595 3179 648 3242 sub
670 3179 722 3243 suo
746 3182 922 3243 nomineer-

153 3282 236 3326 rores
256 3260 452 3340 spargebant,
485 3276 536 3327 aut
549 3262 657 3342 scripta
676 3262 727 3326 sua
753 3281 922 3341 corrumpe-

153 3343 235 3410 bant.
291 3345 456 3423 Capitalem
475 3367 604 3410 errorem
636 3347 674 3410 de
699 3345 790 3411 salute
813 3343 924 3409 diaboli

152 3428 197 3492 ita
214 3427 289 3492 falso
303 3430 332 3492 ei
352 3429 584 3509 adscripserunt,
604 3435 766 3507 Dicentes,
783 3429 844 3510 ipsa
859 3429 921 3504 ejus
948 3428 1027 3508 orig.
1039 3429 1076 3490 in

155 3510 248 3576 verba
268 3510 400 3588 habent,
430 3528 548 3594 patrem
569 3517 708 3590 malitia,
733 3537 769 3577 ac
782 3514 924 3592 perdirio-
945 3514 1096 3590 apoiPam

154 3600 223 3680 nis,
252 3595 295 3674 &⁹
313 3617 436 3675 eorm,
457 3601 510 3682 qui
528 3602 565 3665 de
583 3619 671 3682 regno
691 3601 789 3665 DEI
804 3598 926 3676 ejiciun-
941 3595 1028 3676 phili.

834 3692 889 3747 tm
