2475 4450
231 520 233 524 ⁸
258 564 290 633 a

414 550 473 635 n'u
507 568 780 661 oocenrun
811 566 906 629 sae.

304 719 434 810 maxima
453 692 522 798 erga
538 717 703 797 supremum
724 716 863 790 Numen3
889 734 950 778 non
970 714 1065 780 solum

302 802 448 865 inofficiis
462 801 758 880 DEOpraestandiS‚
776 798 1065 878 quaenaturasrbire·

209 950 212 963 ,
301 883 535 965 liiiaagnoscit‚
558 882 724 947 sedinaliis
736 883 977 963 quibuscunque,
1001 903 1063 961 quae

301 967 509 1033 DEOvisum
517 968 607 1031 fuerit
620 966 696 1030 ultra
705 969 875 1044 imponere:
899 980 933 1028 ut
952 985 1027 1041 noc,
1049 985 1065 1030 e

302 1050 390 1115 rebus
410 1050 545 1114 omnibus
558 1050 621 1114 aliis
640 1050 794 1112 abstractos
809 1095 818 1125 ,
839 1048 891 1110 srbi
903 1051 990 1111 unice
1002 1052 1065 1112 vin·

303 1134 406 1211 dicet,
441 1133 595 1197 obstaculis
629 1135 748 1196 remotis
767 1154 801 1194 ac
824 1132 1008 1208 defectibus,
1030 1134 1062 1195 in

242 1245 244 1256 ·
304 1230 416 1281 naturae
436 1217 540 1280 nostrae
563 1214 750 1296 proclivitate
768 1216 804 1278 ad
818 1235 871 1289 ea,
896 1235 960 1292 quae
986 1235 1063 1280 ave·

302 1320 338 1363 ra
360 1300 501 1364 Felicitate
526 1299 592 1363 sunt
623 1299 737 1375 aliena,
768 1302 796 1361 ἃ
834 1300 941 1360 divinae
965 1298 1065 1377 gloria

302 1384 521 1450 adversantur:
580 1404 647 1446 cum
681 1396 780 1445 tamen
805 1382 877 1444 sicut
907 1384 1007 1444 omnia
1046 1403 1062 1446 a

301 1465 405 1532 DEO
436 1467 627 1546 prodierunt,
650 1468 691 1527 ita
710 1466 748 1527 ad
774 1485 840 1528 eum
861 1464 916 1527 fint
937 1466 1065 1528 referen-

302 1550 349 1612 da
394 1549 550 1613 Revelatio
575 1565 673 1611 autem
685 1548 770 1610 nobis
790 1550 924 1609 notitiam
945 1568 1065 1611 omnem

301 1634 408 1712 pandit
427 1633 495 1696 hue·
508 1632 695 1697 necessariam
717 1630 810 1694 multo
830 1630 952 1707 melior,
977 1651 1065 1709 quam

301 1730 427 1790 natura3
456 1719 488 1778 in
513 1715 572 1782 illis
604 1716 715 1789 etiam,
746 1734 870 1791 quorum
894 1713 1065 1777 naturaliter

303 1800 504 1878 cognitionem
534 1797 660 1878 aiiquarn
692 1796 800 1863 habete
818 1796 990 1876 possumus,
1030 1817 1064 1861 ac

302 1881 469 1947 debemus:
492 1881 571 1945 circa
595 1882 774 1943 creationem
792 1900 912 1956 rerum,
934 1900 1065 1959 acgene-

302 1965 344 2027 ris
364 1963 502 2038 humani,
526 1966 589 2041 eius
600 1964 797 2026 defectionem
815 1984 833 2027 a
850 1962 1064 2039 summobono,

185 2062 210 2083 ·
299 2066 355 2127 per
381 2045 636 2126 transgressionem
664 2046 758 2111 divini
777 2047 936 2129 praecepti,
952 2087 954 2091 ‚
969 2045 1065 2110 adhae·

300 2130 470 2209 fionemque
490 2129 545 2196 vili
578 2141 735 2206 creaturae,
766 2141 917 2191 contemto
936 2128 1065 2192 Numine

301 2212 425 2293 superba
434 2212 596 2288 voluntate,
619 2227 654 2280 ut
663 2213 690 2279 ei
700 2211 804 2278 similes
823 2211 954 2275 essemus.
997 2213 1064 2291 Quo

304 2317 368 2362 non
387 2298 518 2361 obstante
537 2296 664 2387 oeus
685 2295 815 2359 bonitate
839 2295 949 2358 summa
971 2295 1065 2362 homi·

301 2399 374 2460 uem
393 2380 505 2461 lapsum
515 2380 685 2445 restituendi
698 2377 849 2442 confilium
859 2380 949 2456 cepit,
969 2378 1065 2442 obser.

304 2466 382 2529 vatis
409 2465 524 2542 justitiae
548 2462 681 2542 legibus,
706 2481 762 2545 qua
782 2459 854 2526 laesae
871 2462 1013 2538 majestati
1027 2462 1065 2527 sa·

302 2546 446 2619 tisfieret,
478 2565 535 2611 nec
556 2564 648 2622 genus
676 2542 836 2627 humanum
855 2547 985 2626 periret,
1012 2565 1065 2608 err.

302 2627 496 2706 nepesinis,
530 2628 579 2704 qui
597 2629 642 2694 uti
666 2640 747 2691 tanta
766 2629 857 2705 gratia
880 2628 1064 2695 detrectant:

300 2709 409 2775 DEO
430 2709 635 2788 sapientiffme
662 2711 860 2792 providente,
890 2730 928 2771 ne
959 2731 1065 2778 omneu

299 2795 343 2858 ita
354 2793 386 2855 in
394 2794 591 2872 perditionem
600 2795 678 2857 irent
694 2839 703 2866 ‚
725 2792 885 2859 secundum
895 2813 988 2871 prava
1002 2816 1065 2860 cor·

301 2890 418 2955 rupte,
442 2878 512 2940 &in
529 2872 639 2942 malurn
656 2894 757 2959 pronae
781 2889 892 2941 naturae
913 2877 1065 2956 desrderia¹

301 2979 337 3028 ac
354 2959 465 3026 studia:
499 2961 547 3027 via
576 2957 800 3028 commonstrata
821 2960 853 3024 in
876 2961 999 3037 gratiam
1021 2961 1065 3026 se.

257 3065 258 3068 ¹
302 3062 372 3106 cunr
405 3042 549 3111 redeundi
580 3043 734 3125 praemio,
778 3044 807 3110 ἃ
840 3061 929 3124 poena
956 3062 1065 3124 propo·

300 3124 381 3199 fitis,
403 3124 544 3192 felicitate
563 3125 643 3208 ipsa,
667 3144 758 3209 eaque
776 3137 902 3190 eterna:
924 3127 1065 3202 quanihis

299 3211 394 3286 magis
413 3209 531 3275 interest
552 3207 702 3282 hominis,
740 3227 776 3274 ac
796 3206 954 3276 necessario
969 3214 1065 3276 anima

300 3290 475 3359 immortalis
499 3292 537 3359 ad
558 3303 623 3360 eam
644 3291 745 3360 fertur.

346 3427 396 3496 Sic
414 3426 494 3506 spem
514 3427 611 3502 inter,
636 3427 664 3492 ἃ
685 3436 797 3490 metum
822 3425 989 3490 continetur
1013 3423 1065 3486 ho·

299 3529 370 3586 mo,
396 3510 576 3588 &undique
612 3507 817 3586 constringitur
845 3508 882 3570 ad
914 3505 1065 3586 religioni!

297 3593 411 3658 cultum
427 3594 460 3654 in
474 3592 600 3655 amando
609 3591 719 3654 summo
738 3590 817 3653 bono
834 3635 844 3666 ,
864 3609 922 3668 quo
933 3589 1065 3668 aliquan·

300 3677 341 3738 do
372 3689 512 3738 aeternum
546 3675 620 3737 felix
642 3674 694 3749 srt,
715 3694 750 3736 ac
779 3674 880 3737 beatus
903 3673 967 3751 post
986 3671 1065 3736 hane

251 3804 255 3811 ·
299 3757 455 3833 mortalem
464 3760 575 3841 uitam,
596 3777 721 3842 corpore
743 3757 831 3824 etiarn
843 3754 1000 3838 aliquando
1011 3757 1065 3818 ite-

954 3855 1025 3905 ssim
