2475 4450
303 363 314 402 <

180 508 820 575 rosrcnnrsrun.snc.xv1n.
856 515 934 592 449.

175 658 380 728 controversiis
395 658 574 737 implicitus,
588 658 627 721 ob
644 659 791 723 defensum
802 679 932 727 amorem

134 804 137 811 Δ
175 744 334 810 necellatio
352 741 556 806 interellatum.
615 741 753 820 Impetita
772 741 927 824 scripta-n

176 825 356 910 AGREDAE,
368 845 406 888 ex
417 825 519 904 quihus
528 826 671 903 integram
681 826 742 887 fere
751 825 930 906 theologiam

175 910 218 974 sui
231 910 443 983 confecerunt,
466 907 622 986 praesertim
642 908 835 971 revelationes
848 931 931 987 aper,

175 1006 214 1056 tae
229 995 267 1055 de
282 1012 337 1054 aera
349 991 479 1071 vulgari,
504 1011 591 1069 quam
602 990 729 1069 sequitur
738 991 770 1055 B.
788 994 883 1056 AGR
894 993 932 1056 E·

175 1076 238 1140 DA
252 1079 286 1136 in
296 1073 413 1155 sefflica
424 1077 544 1147 civitate
558 1078 634 1148 Dei,
656 1073 760 1151 quibus
772 1075 809 1137 de
831 1077 933 1140 imma·

177 1157 275 1224 colata
290 1158 503 1235 conceptione,
528 1161 556 1218 ἃ
571 1156 632 1218 vita
643 1155 675 1218 Β.
690 1156 725 1218 V.
751 1158 831 1220 unde
853 1160 933 1222 varia

175 1240 344 1306 inciderunt
356 1241 393 1303 de
403 1238 575 1303 credulitate
585 1236 807 1314 revelationum,
820 1241 858 1320 de
870 1242 934 1305 sen-

176 1324 210 1388 su
228 1322 355 1387 ecclelrae
371 1325 449 1386 circa
469 1320 684 1412 immaculatam
706 1323 934 1401 conceptionem

177 1406 275 1472 causas
295 1425 362 1469 cum
381 1406 432 1468 PP.
456 1403 675 1479 nanciscens,
699 1407 727 1467 ἃ
750 1404 815 1469 aliis
828 1404 936 1471 sertam

177 1489 376 1555 contentionis
387 1489 474 1551 ducit
520 1486 645 1548 Videtur
654 1497 753 1549 tamen
770 1507 851 1551 nunc
864 1489 936 1552 co'n·

154 1571 275 1637 ¹versus
302 1571 340 1634 ad
358 1570 415 1634 alia
426 1569 541 1634 studia:
575 1570 673 1632 editur
694 1571 773 1633 enim
794 1572 856 1647 ejus
877 1571 932 1648 lue

178 1654 374 1720 canonicum:
393 1653 479 1716 taedio
498 1652 595 1716 litium
604 1650 746 1731 delapsus.
769 1653 935 1718 Neeetiam

177 1738 209 1803 Ρ.
228 1738 491 1801 Unacntcos
511 1734 678 1800 WEISS
702 1735 842 1800 hactenus
866 1756 937 1816 pro.

178 1818 357 1904 miffisstetit
368 1819 447 1883 edita
459 1815 631 1898 theologia,
654 1820 737 1896 cujus
750 1818 869 1897 systema
881 1819 937 1884 du·

179 1904 251 1968 dum
267 1901 400 1983 prodiit,
415 1921 449 1964 ac
460 1901 592 1977 quedam
611 1901 644 1962 in
655 1900 853 1981 theologicis,
874 1904 939 1982 qui·

148 1986 235 2050 ‘bus
266 2004 334 2050 cum
361 1983 391 2047 P.
418 1982 749 2049 'FORTUNATO
775 1985 813 2047 de
834 1985 937 2050 Brixia

178 2070 285 2134 acriter
295 2068 489 2131 controvertit
497 2063 535 2128 de
546 2065 636 2128 modo
646 2065 937 2141 transsubstantiatio-

180 2153 235 2217 nis.
255 2151 323 2230 Qua
336 2150 375 2212 de
384 2169 415 2212 re
425 2148 491 2211 sunt
504 2148 596 2211 hodie
605 2167 691 2212 nove
702 2148 785 2212 seerae
794 2147 938 2237 Absoluti.

179 2237 307 2306 starum,
328 2234 378 2313 qui
399 2232 561 2297 accidentia
584 2231 715 2296 absoluta
737 2232 894 2317 statuunt,
906 2238 938 2297 dt

141 2318 145 2327 '
181 2316 423 2391 Modalistarum,
440 2317 488 2394 qui
509 2316 666 2380 recentiori
676 2314 877 2401 philosophie
886 2316 939 2379 ad.

182 2402 255 2467 dicti
276 2401 308 2463 in
328 2398 418 2461 modo
451 2397 619 2476 explicandi
643 2404 705 2460 nott
728 2401 935 2465 conveniunt:

182 2478 938 2564 qoaeresROTTFISCHERUlllinpraeci-

181 2564 393 2651 pitiumdedit.

148 2724 152 2733 ·
230 2696 267 2761 ln
279 2693 381 2760 Galliis
395 2692 519 2772 infignee
530 2692 667 2760 demorer
678 2692 860 2759 ecclesiastici
869 2712 942 2775 prae.

184 2793 230 2844 ter
245 2776 403 2857 theologos
413 2776 608 2856 systematicos
625 2777 685 2853 iarn
693 2792 941 2842 commemoratos

184 2861 361 2927 factionibus
370 2859 585 2936 Jansentstieis,
608 2862 637 2922 dt
654 2860 872 2937 Quesnellianis
891 2862 942 2924 ab·

184 2945 262 3026 repti
285 2942 359 3007 sunt
400 2942 457 3005 lix
475 2941 580 3020 quibus
601 2941 632 3007 P.
657 2942 942 3010 GERBERON

186 3029 265 3107 (qui
285 3026 362 3089 inter
372 3025 429 3087 alia
439 3024 611 3102 complura,
637 3044 700 3103 que
714 3025 767 3088 sub
781 3027 870 3090 variis
889 3046 944 3086 no-

183 3109 314 3177 minibus
326 3108 418 3171 edidit
445 3127 534 3185 opera
551 3109 583 3169 in
597 3106 681 3172 causa
707 3108 807 3183 dicta,
823 3110 851 3171 S.
869 3109 943 3171 ΛΝ-

186 3195 208 3260 S
218 3190 241 3257 E
251 3191 356 3256 [ΜΠ
366 3190 401 3254 M
413 3189 529 3258 edidit)
539 3190 644 3252 eadem
653 3189 785 3253 sustinuit
794 3236 805 3265 ,
815 3212 850 3254 ac
862 3192 944 3270 pejo-

185 3277 315 3340 raetiam
331 3293 418 3352 quarn
436 3270 793 3351 QUESNELLUS,
815 3275 865 3353 qui
883 3275 946 3353 ipse

187 3356 280 3422 multa
307 3355 438 3434 scripsit,
472 3354 639 3434 theologica
658 3355 815 3435 prasertim
849 3357 887 3419 ad
913 3357 942 3421 S.

186 3439 377 3508 LEONlS
399 3436 676 3516 operaillullronda
720 3440 827 3501 Auctor
840 3438 946 3502 biblio.
1102 3503 1106 3509 ‚

189 3524 282 3589 thece
309 3520 509 3601 Jansenisticte,
521 3520 551 3584 P.
569 3521 608 3584 de
623 3520 853 3589 COLONIA
865 3542 945 3602 mag.
1053 3560 1109 3567 ·

188 3627 262 3670 num
276 3624 431 3671 numerum
444 3604 617 3679 doctorum,
631 3623 667 3666 ac
676 3590 851 3683 scriptorum
863 3603 947 3669 theo·
1034 3636 1037 3644 ·
1082 3663 1084 3669 .

148 3754 155 3765 ,
184 3689 354 3777 logicorum
377 3687 415 3754 ad
427 3707 492 3766 eam
509 3685 626 3834 clldflem
640 3685 747 3767 refert,
772 3686 821 3757 sed
840 3707 902 3787 non
914 3691 950 3761 in

812 3789 906 3848 optm-
