2475 4450
161 305 183 320 ϊ
233 305 258 320 ···.

168 325 173 332 '
212 317 281 378 :33:33⁹

157 538 278 601 torn
305 536 581 601 cantero-rr.
607 503 798 605 saurir.
845 530 917 615 113²

153 690 215 755 Μ]
223 690 250 753 G
259 690 286 753 U
296 690 316 753 S
327 688 354 752 T
365 688 380 750 Ι
390 688 420 750 N
429 689 456 751 U
466 690 496 765 S,
511 674 570 753 duo
577 693 726 770 principia
740 688 859 771 iurerse
871 694 917 754 dt,

149 769 917 943 utumorti{nutriendum

150 958 213 1016 ras,
228 938 513 1021 atqmsuhjiantiat,
523 938 717 1020 boniscilicet,
730 942 770 1015 fd
781 944 862 1016 muli,
869 939 916 1021 fe

151 1045 246 1107 quem
262 1026 334 1085 ulios
353 1027 491 1103 antiquos
505 1024 672 1099 hereticos,
701 1029 837 1101 opinatus
868 1023 913 1105 esi.

154 1103 417 1193 stuaruminterse
425 1122 575 1183 pugnum,
608 1108 647 1181 fici
666 1112 913 1183 commixtionem,

155 1193 197 1267 ὅ)
212 1194 286 1252 honi
302 1193 409 1251 amalo
426 1194 654 1268 purgativum,
678 1191 816 1265 &houm
838 1188 918 1271 quod

150 1277 279 1353 purgari
297 1294 358 1334 non
376 1276 506 1349 poterit,
532 1293 600 1332 cum
614 1276 691 1334 molo
718 1277 752 1334 in
777 1287 917 1336 uternam

153 1359 403 1429 domationem,
426 1352 593 1431 secundum
605 1351 666 1435 suo
688 1359 825 1435 dogmata
849 1352 916 1441 uffe-

153 1454 313 1514 uerantu,
332 1442 428 1498 multa
446 1437 637 1513 fabulantur.

197 1522 223 1585 Z
235 1522 294 1585 tc
307 1522 330 1583 C
341 1520 441 1582 AGN
451 1519 501 1581 lU
515 1524 533 1583 S
559 1520 745 1585 bibliothecae
768 1521 917 1593 Vaticana

156 1606 333 1685 praescitus,
370 1606 435 1665 atta
457 1603 582 1682 protulit
613 1605 817 1682 disputationis
842 1605 918 1669 AR-

157 1685 347 1752 CHELAI
374 1684 502 1764 episcopi
530 1687 706 1750 Cascarensrs
734 1708 802 1751 cum
835 1677 947 1751 Μ’
1052 1699 1056 1706 ’

156 1769 383 1835 NICHAEO.
436 1768 479 1832 Ea
500 1770 618 1847 quidem
643 1792 660 1833 a
680 1770 829 1835 nonnullis
861 1791 918 1850 pro

156 1854 276 1916 idione
293 1852 458 1927 habentur3
489 1852 539 1914 sed
559 1854 625 1917 satis
638 1853 666 1917 se
685 1854 851 1917 testimonio
868 1875 919 1918 ve·

156 1949 254 2000 terum
283 1948 425 2009 tuentur,
460 1938 670 2016 continentque
695 1938 848 2016 singularia
879 1938 920 2000 de

157 2018 324 2095 orm—hujus
345 2018 478 2092 haerefis,
505 2022 534 2082 ἃ
550 2040 605 2097 qua
615 2023 730 2083 ratione
745 2021 780 2083 M
790 2023 814 2081 Α
824 2022 853 2082 Ν
862 2020 919 2083 Es

158 2102 276 2183 publice
295 2103 447 2173 convictus
465 2102 554 2164 fuerit
578 2105 685 2165 erroris
712 2103 763 2165 sui.
807 2103 843 2164 In
858 2104 919 2181 epi-

156 2185 277 2249 stolaad
301 2183 631 2249 MARCELLUM·
654 2185 921 2258 manumm-

157 2271 241 2346 iiris,
273 2288 348 2346 quos
370 2268 504 2329 doitores
529 2268 703 2346 simplicium
730 2280 837 2342 vocat,
864 2271 921 2331 cri·

159 2355 232 2415 mini
257 2353 327 2426 dat,
359 2351 438 2428 quod
460 2352 591 2426 bonum,
628 2354 655 2413 dt
681 2351 790 2413 malum
812 2351 848 2412 ab
871 2372 922 2412 eo·

160 2438 228 2499 dem
249 2434 396 2513 principio
417 2448 569 2511 repetant,
592 2454 656 2494 non
675 2433 868 2495 discernendo
878 2433 923 2496 lu·

159 2538 260 2581 mena
281 2516 432 2589 tenebris,
458 2537 513 2578 nec
541 2518 620 2595 quod
635 2518 705 2579 fotis
722 2517 781 2591 est,
813 2518 851 2578 de
871 2537 920 2593 eu,

135 2650 137 2653 .
160 2601 241 2680 quod
262 2602 341 2661 intus
360 2600 443 2661 estin
461 2599 589 2663 homine.
635 2599 735 2663 Multo
745 2598 841 2662 adhuc
862 2620 923 2663 ma·

161 2688 205 2763 gis
228 2685 301 2745 vitio
324 2683 394 2754 dat,
420 2684 499 2759 quod
515 2685 671 2746 audeamus
693 2685 813 2746 unicum
835 2682 924 2747 DEI

160 2768 289 2840 Filium,
316 2765 434 2826 eximo
457 2766 547 2828 Patris
577 2767 822 2841 descendentem,
841 2768 875 2830 Μ
887 2769 923 2830 A·

162 2849 262 2912 RIIE
293 2846 387 2909 fitium
410 2848 530 2922 dicere,
566 2850 723 2912 formatum
761 2870 799 2910 ex
823 2871 922 2926 carne,

164 2936 193 2995 &
222 2928 380 3008 sanguine,
410 2950 444 2992 ac
466 2932 620 2995 mulierum
641 2934 843 2995 immunditiis.
887 2931 925 2996 In
1028 2978 1051 3001 a

161 3013 354 3091 inscriptione
383 3013 509 3091 epistolae
545 3014 573 3077 se
602 3015 764 3094 apostolum
807 3015 824 3090 J
834 3009 926 3079 ESU

163 3094 385 3160 CHRISTI
419 3111 529 3172 vocat;
561 3112 649 3176 atque
671 3101 703 3162 in
731 3098 927 3176 disputatione

163 3177 249 3257 ipsa,
270 3178 341 3240 licet
367 3181 475 3241 veritus
497 3180 530 3241 fit
551 3180 670 3258 publice
695 3181 723 3242 se
746 3181 927 3258 paracletum

164 3280 292 3333 vocare,
334 3280 388 3338 pro
405 3281 441 3322 eo
461 3275 558 3324 tamen
579 3263 608 3325 se
631 3265 812 3340 venditavit,
839 3281 928 3344 quem

165 3342 425 3407 CHRISTUS
451 3346 566 3408 mittere
599 3347 781 3425 promiserit,
817 3350 864 3411 oui
882 3363 928 3412 te·

163 3427 310 3489 servatum
321 3425 356 3488 srt
369 3427 528 3504 perfectam
541 3428 644 3492 afferre
665 3429 833 3505 scientiam,
859 3450 927 3494 eva·

164 3522 254 3572 cuuto
276 3509 358 3586 quod
382 3511 583 3588 imperfeitum
603 3513 662 3575 est:
687 3533 722 3575 ea
740 3533 809 3592 ergo
825 3513 853 3576 se
868 3527 926 3576 tra·

162 3593 238 3655 dere
256 3591 383 3667 docuit,
411 3614 475 3673 quae
494 3595 760 3661 CHRISTUS
781 3596 927 3678 apostolae

160 3674 314 3742 celaverit.

558 3823 588 3891 Η
811 3824 890 3894 toa
