2475 4450
311 564 364 628 ω
462 551 962 648 uruocruruurrc.
1039 569 1044 577 ·

124 749 278 821 nuttam.
310 679 912 797 cumfelicitntemaeternamini
944 704 1112 798 soDEO

123 837 251 905 citatem·
309 819 590 909 summobono
603 823 853 938 propofitam
869 737 1033 931 holtam
1048 823 1113 909 in-

300 936 617 1033 curiosiorem,
635 942 845 1030 &tantam
866 933 1142 1168 posthaben1

309 1070 371 1134 tes
384 1046 574 1148 salutem,
588 1046 980 1147 malumsummum,
995 1048 1092 1138 acin

308 1155 476 1249 felicitas
490 1184 637 1248 aetema
650 1182 799 1248 manet.

389 1346 456 1438 ipsa
473 1370 583 1423 naturae
600 1357 736 1422 humanae
755 1356 949 1438 perversitas,
984 1355 1115 1422 cecitas·

313 1505 325 1518 ,
369 1461 408 1506 ue
431 1444 539 1505 mentis
561 1440 649 1505 facile
683 1442 834 1506 hominem
853 1451 1012 1506 revocata
1038 1439 1132 1504 serio'

348 1462 446 1590 ludio
457 1523 626 1601 felicitatis,
647 1527 775 1603 primum
787 1528 819 1588 in
831 1524 921 1588 altera
933 1570 943 1600 ,
958 1523 1023 1605 post
1035 1522 1115 1588 hene

349 1611 466 1685 vitam,
482 1607 666 1696 quaereudae2
688 1608 956 1688 exspectandosque.
1001 1607 1115 1671 Rerum

349 1691 538 1774 presentium
557 1691 660 1766 usura,
684 1711 770 1770 quam
780 1693 890 1755 caduca
900 1692 989 1753 etiam
998 1688 1053 1765 iit,
1075 1687 1116 1752 ad

348 1774 380 1840 se
397 1774 488 1837 trahit
498 1774 840 1855 ponderecorruptionis
864 1773 962 1838 infitae.
1006 1769 1116 1836 Abte.

348 1859 392 1922 tia
409 1858 555 1921 bonorum
571 1856 797 1937 pronrrilorum,
817 1877 906 1937 quam
917 1855 1114 1938 amplectiom

349 1940 428 2017 ssot,
446 1962 482 2004 ae
491 1940 623 2017 summa,
649 1959 712 2002 non
733 1943 775 2004 ita
794 1940 944 2016 afficiunt,
964 1938 1116 2003 elicerent·

349 2043 429 2103 que,
456 2024 540 2087 ficuti
559 2043 624 2102 quae
648 2038 757 2087 naturae
772 2025 805 2085 in
825 2022 934 2086 molum
944 2041 1047 2103 pronae
1060 2020 1116 2084 bo·

351 2127 392 2170 na
422 2118 564 2186 apparent
586 2104 664 2181 effe,
701 2127 768 2170 cum
786 2126 849 2169 non
869 2106 932 2169 snrt
991 2104 1116 2168 Accedit
1138 2125 1142 2133 ·

350 2188 414 2270 ipsa
446 2188 596 2269 religionis
619 2189 729 2268 facies,
762 2211 797 2255 ac
815 2190 888 2267 lux,
920 2206 1007 2270 quam
1027 2186 1114 2250 nobit

316 2298 318 2303 ’
350 2272 458 2350 affert3
494 2273 546 2337 sed
566 2275 772 2338 tantummodo
799 2273 989 2352 caligantibus
1019 2272 1115 2335 cerni·

347 2356 528 2433 coronulis,
559 2377 615 2420 nec
634 2357 711 2420 bona
732 2369 855 2419 ventura
880 2355 968 2433 plene
989 2353 1115 2433 detegit,

350 2518 1114 2600 n,

945 2565 955 2597 t

349 2624 417 2667 eam
438 2602 546 2682 alloqui
569 2602 704 2666 homines
730 2602 793 2665 aliis
814 2602 936 2678 studiis,
952 2602 1116 2682 praesentis·

351 2705 410 2767 que
429 2687 497 2749 vitae
516 2687 594 2749 curis
612 2685 750 2761 distenti,
779 2687 874 2749 minus
893 2684 1049 2761 laborant,
1069 2687 1116 2748 in·

271 2834 273 2844 ,
350 2769 443 2843 certi,
476 2779 526 2832 aut
546 2771 668 2832 omnino
694 2788 794 2832 curam
822 2768 922 2835 salutis
957 2769 1112 2845 abjiciunt,

307 2893 310 2899 ·
350 2863 403 2915 aut
420 2849 522 2915 saltem
542 2870 605 2913 non
627 2863 742 2914 tantum
762 2852 912 2931 satagunt,
930 2864 1117 2932 quantumc-

349 2954 406 3015 pus
427 2934 487 3012 est,
522 2934 561 2997 ad
576 2935 756 3014 propositam
774 2933 923 3000 felicitatis
947 2947 1067 2999 metam.

392 3094 461 3170 Illi,
482 3092 534 3172 qui
552 3090 639 3156 obliti
658 3092 867 3156 imbecillitatis
879 3090 1044 3157 intellectus
1058 3091 1113 3158 hu.

351 3180 454 3260 inani,
479 3177 586 3239 rationi
608 3175 767 3255 plurimum
789 3178 886 3252 dant,
908 3174 1040 3254 nihilque
1059 3176 1112 3239 nil

352 3260 488 3344 pervium
498 3258 555 3322 suae
567 3259 750 3339 perspicaciae
762 3261 794 3322 in
804 3262 933 3323 animum
941 3259 1110 3336 admittunt,

350 3366 388 3409 ac
407 3343 526 3407 credere
545 3342 669 3417 volunt,
697 3345 782 3406 citius
801 3363 835 3405 ac
854 3340 1040 3421 periculosius
1067 3362 1111 3406 eo·

351 3442 436 3490 rant:
459 3429 501 3488 ita
523 3426 682 3505 perplexi,
703 3447 738 3489 ac
760 3426 842 3488 dubii
869 3425 1054 3500 redduntur,
1078 3435 1111 3488 ut

351 3511 426 3590 saepe
437 3508 586 3587 religionis
595 3508 705 3572 sensum
715 3510 832 3587 penitus
842 3507 1014 3585 deponant3
1035 3528 1111 3586 quae·

349 3614 390 3657 ve
400 3592 438 3657 de
449 3592 522 3656 statu
531 3591 650 3655 alterius
662 3593 729 3654 vitae
742 3591 901 3666 docemur,
924 3611 979 3670 pro
989 3589 1110 3670 figmen-

349 3678 409 3752 tio,
439 3673 732 3739 &terriculamentis
763 3671 890 3735 habent:
924 3674 996 3737 alios
1021 3676 1110 3737 etiam

349 3759 478 3846 persepe
487 3777 542 3826 ceu
552 3755 709 3839 credulos,
729 3759 758 3823 ἃ
777 3755 984 3836 superstitiosos
995 3754 1109 3821 subsan-

969 3839 1073 3920 aiunt,-
