2475 4450
169 542 789 606 aosrcrrursrum.snux11.
836 533 911 618 stt

134 694 215 755 'etas
235 690 393 766 abierunt,
409 693 546 771 variaque
569 695 691 756 nomina
701 690 768 755 sunt
785 692 910 772 indepti.

150 774 346 852 Praeterquam
369 778 449 855 quod
469 774 645 839 sacramenta
664 777 850 852 rejecerunt,
875 796 913 839 ac

151 858 228 920 ritus
248 857 374 922 ecclesrae
393 904 402 933 ‚
418 858 595 938 vcultumque
609 861 788 938 imaginum,
812 858 912 922 diabo-

150 938 217 1003 lum
234 940 322 1017 hujus
342 941 444 1005 mundi
464 944 648 1005 conditorem
662 943 830 1017 finxerunt,
852 962 913 1005 ma.

150 1025 325 1086 trimonium
346 1026 520 1088 damnarunt
549 1024 717 1105 turpiilimis
738 1024 913 1088 libidinibus

153 1107 267 1180 dediti,
281 1106 518 1174 resurrectionem
528 1129 704 1188 corporum,
718 1108 798 1171 esum
807 1109 913 1183 carnis,

153 1210 303 1265 ovorum,
328 1193 357 1253 dc
382 1190 455 1254 casei
478 1206 615 1270 tanquam
637 1194 799 1254 maximum
822 1190 916 1255 scelus
1041 1203 1043 1208 ⁴

153 1272 219 1335 aliis
242 1273 411 1337 criminibus
435 1317 444 1349 ‚
474 1275 648 1349 fraudibus,
671 1275 831 1337 latrociniis
855 1277 911 1337 dcc.
1036 1317 1047 1340 e

153 1356 279 1419 infames
298 1357 369 1419 teste
396 1355 776 1432 nooulccntm,
797 1359 916 1435 quinu-

153 1441 282 1519 perrime
311 1439 398 1502 editis
422 1439 496 1502 Ven.
523 1437 755 1503 MONETAE
779 1421 1024 1503 adversusllomae

154 1522 297 1585 Catharos
308 1566 318 1597 ,
329 1526 357 1586 8(
370 1519 548 1585 Waldenses
559 1518 643 1585 libris
652 1524 800 1601 quinque,
823 1521 916 1585 multa
928 1522 1018 1586 1743·

154 1603 275 1683 collegit
287 1622 326 1667 err
338 1607 464 1685 antiquis
477 1606 675 1669 monumentis
688 1653 698 1681 ,
712 1606 749 1668 ad
758 1604 812 1668 has
826 1603 917 1667 haere·

153 1686 200 1753 ses
215 1687 394 1768 spemnsa,
408 1706 581 1786 erroresque
595 1708 698 1753 omnes
712 1689 876 1773 indagavit..

498 1779 516 1806 e.
878 1777 883 1788 ,

204 1818 312 1899 Quoad
324 1819 467 1885 Cathoros
481 1801 560 1902 quin
576 1821 668 1886 iidem
685 1821 741 1886 smt
760 1841 828 1887 cum
838 1822 918 1889 Albi·
1018 1861 1022 1872 ν

155 1904 290 1986 geniibus
314 1907 365 1968 vix
387 1906 509 1968 dubium
523 1905 656 1984 superest
700 1904 848 1972 Incertum
867 1928 918 1977 atr.

156 2002 218 2052 tem
229 1988 289 2062 est,
310 2006 348 2049 an
361 1985 399 2051 de
414 1988 625 2052 Waldensrbus
639 1986 719 2051 idem
731 1991 914 2073 dicendum,

155 2073 196 2134 de
205 2089 329 2150 quorum
346 2071 503 2150 nequidem
516 2085 582 2134 ortu
592 2073 720 2134 nominis
731 2075 862 2149 constat,
877 2094 917 2138 an

157 2175 178 2217 a
190 2153 334 2229 vatibus,
357 2174 391 2217 ac
405 2150 513 2235 sylvis,
540 2155 707 2234 germanice
716 2155 823 2232 Wald,
840 2177 878 2219 an
898 2178 916 2221 a
1012 2169 1014 2174 ’

155 2239 301 2304 Panno
320 2234 490 2302 VALDO
516 2239 584 2302 cive
605 2238 811 2317 Lugdunenfi:
836 2241 917 2308 unde

155 2323 245 2384 etiam
255 2336 397 2399 pauperes
409 2319 446 2383 de
456 2321 599 2400 Lugduno
608 2317 673 2385 sunt
682 2321 917 2401 dimteonistae,

155 2407 232 2467 item
244 2403 392 2479 Sabatati,
405 2403 580 2467 Inlabatati:
604 2403 654 2466 ulii
667 2403 821 2477 asabbato‚
836 2405 919 2483 quod

155 2486 254 2550 nullas
271 2501 376 2565 prater
393 2487 581 2550 Dominicum
601 2488 680 2550 diem
697 2487 920 2552 ferias'adnrise-
1003 2512 1008 2518 ’

156 2572 240 2646 rint3
263 2567 313 2631 alii
333 2591 351 2632 a
372 2571 476 2632 Sabots
486 2569 577 2633 calcei
591 2569 680 2649 lignei
703 2588 808 2649 genere
820 2571 861 2634 fic
874 2572 920 2632 di.

158 2656 224 2717 cios
240 2650 411 2716 existimant
455 2653 491 2716 ln
506 2653 617 2717 clerum
632 2653 828 2716 debachantes
851 2672 919 2733 pro·

158 2738 243 2817 prios
256 2735 420 2799 habuerunt
430 2734 593 2799 sacerdotes
605 2740 734 2812 barian
750 2735 798 2800 seu
813 2737 919 2802 Barba.

156 2820 324 2883 tosuuos.
367 2820 433 2882 Nec
443 2836 533 2897 penes
544 2816 737 2898 pontificem,
762 2833 813 2883 aut
824 2820 920 2884 ecclo-

158 2902 207 2966 srae
228 2902 392 2965 sacerdotes
420 2902 589 2965 facultatem
612 2901 790 2965 conficiendi
810 2921 919 2983 corpus
976 2940 977 2943 κ

160 2982 411 3060 CHRISTI,
437 2998 525 3063 atque
552 2983 721 3049 absolvendi
748 2987 919 3064 apeccatis

159 3066 384 3144 existimabant,
399 3067 479 3145 quod
492 3083 592 3130 eorum
604 3068 665 3132 vita
677 3067 714 3130 ad
724 3067 922 3145 apostolorum

158 3149 358 3230 exemplum,
384 3152 413 3212 &
433 3149 652 3213 landimoniam
675 3153 796 3212 minime
819 3153 922 3213 exatta

158 3233 241 3298 effet
284 3233 348 3296 Alia
357 3235 445 3295 etiam
454 3232 592 3312 pleraque
608 3234 650 3296 eis
663 3235 923 3297 communiaerant

160 3316 262 3397 quoad
272 3314 468 3388 sacramenta,
493 3319 520 3378 8(
533 3317 606 3380 ritus
619 3315 745 3380 ecclesrae
757 3336 825 3378 cum
843 3315 924 3378 Albi.

160 3399 297 3480 gensrbus
315 3441 325 3474 ‚
345 3398 424 3461 haud
444 3399 524 3462 secus
543 3419 578 3462 ac
597 3397 766 3477 apostolicis
785 3443 795 3474 ,
815 3397 924 3476 baptis·

159 3502 264 3556 mum,
290 3482 509 3562 purgatorium,
528 3484 558 3546 dc
576 3483 794 3546 invocationem
811 3479 924 3544 santio·
1020 3520 1022 3526 ,

160 3586 229 3629 rum
248 3565 447 3640 rejicientibus
460 3585 609 3639 aunacum
622 3564 825 3638 matrimoniis,
841 3563 922 3627 unde

159 3650 285 3729 propius
298 3669 366 3713 curn
378 3647 576 3727 Albigensrbus
586 3649 786 3713 conveniunt:
802 3647 922 3711 certius·

160 3730 666 3885 queconstateosltlugchaeomm
676 3729 925 3880 mronbusaffarti·

538 3833 558 3885 2
764 3831 813 3896 cip
853 3831 881 3894 t,
