2475 4450
218 543 226 565 ‘
330 555 380 637 98
511 564 569 622 na
594 562 847 623 nocunrxn
871 499 963 624 stc..
1002 527 1046 592 ³

325 749 327 754 ·
370 713 441 792 quin
457 711 490 774 in
508 710 633 775 concilia
654 712 775 773 coirent,
831 711 933 775 Canon
953 721 1085 774 tament

370 795 491 876 gefimus
511 791 723 872 apostolorum,
745 793 794 871 qui
816 794 899 857 ficuti
911 797 939 857 δι
952 795 1085 857 caeterici

340 944 342 950 ,
370 900 407 943 ca
426 878 484 940 hoc
504 890 620 955 tempus
640 876 671 936 in
690 876 820 939 conciliis
840 875 908 955 ipsrs
927 875 1085 954 sparfimco

369 963 439 1025 fecii
461 959 642 1032 creduntur,
662 957 768 1033 habet,
805 972 838 1020 ut
858 959 903 1021 bis
924 961 957 1020 in
975 977 1051 1022 anno
1072 960 1085 1021 fi

252 1049 254 1055 “
368 1044 570 1124 episcoporum
581 1040 727 1121 synodus,
754 1042 991 1120 &quaestionem
1010 1044 1081 1106 inter

368 1127 496 1190 habeant
514 1124 551 1187 de
571 1123 755 1203 dogmatibus
779 1125 918 1202 pietatis,
947 1138 1034 1204 atque
1053 1127 1085 1187 im

369 1210 473 1272 dentes
503 1205 704 1270 ecclesiasticas
728 1207 948 1273 controversias.
961 1207 1085 1271 dillolvar

370 1290 435 1355 Nec
454 1292 494 1353 est
514 1290 635 1353 dubium
656 1287 739 1368 plura
751 1302 823 1352 tunc
842 1289 970 1353 concilia
984 1289 1085 1354 fuiilei

371 1374 450 1450 bita,
462 1392 549 1452 quam
558 1393 681 1451 quorum
692 1373 729 1435 ad
741 1391 796 1434 nos
809 1374 947 1451 pervenit
963 1375 1085 1436 memori

317 1483 320 1489 ·
369 1476 438 1522 cum
447 1456 523 1520 clam
532 1457 693 1519 convenire
702 1455 871 1533 plerumque
880 1456 995 1519 neceffe
1014 1457 1085 1521 fueri

369 1560 426 1603 nec
435 1558 498 1619 quae
508 1539 626 1602 decreta
635 1552 736 1611 erant,
752 1536 914 1601 consultum
922 1538 1015 1603 fuerit
1026 1538 1085 1619 pall

367 1621 529 1703 propalare.
588 1620 769 1684 Conservatae
790 1620 983 1684 nihilominus
1008 1624 1085 1687 fuero

366 1706 472 1768 litterae
488 1703 652 1784 synodicae:
687 1704 850 1779 cujusmodi
873 1703 1070 1788 Fragmentum

245 1835 255 1856 .
299 1834 308 1853 .
366 1789 429 1868 pud
455 1788 592 1851 Eueno
606 1805 649 1845 ru
662 1808 685 1846 n
707 1799 789 1848 extat
808 1783 926 1849 concilii
949 1788 1085 1852 Antioche

367 1870 418 1934 sub
459 1871 486 1932 S.
518 1866 811 1932 SERAPIONE
841 1868 991 1932 adfinem
1031 1871 1085 1934 saec

285 2025 287 2029 ἱ
366 1952 494 2017 secundi
546 1950 686 2029 Idemque
718 1952 826 2028 refert,
860 1970 902 2014 ex
926 1954 1085 2015 Aseiar

297 2052 306 2076 ⁴
364 2033 594 2107 URBANO,
629 2036 678 2112 qui
706 2034 814 2097 librum
838 2034 977 2098 adversus
1004 2035 1085 2100 moni

365 2120 451 2181 mistas
472 2115 655 2195 composuit,
682 2115 802 2195 saepius,
827 2118 898 2181 &in
910 2116 1085 2196 plurimisAl

364 2202 439 2266 locis
474 2200 716 2264 Montanistarum
746 2199 827 2263 caula
856 2198 982 2280 pastores
1017 2222 1085 2265 conv

365 2286 458 2360 mille,
482 2304 590 2347 novam
608 2284 688 2346 illam
701 2284 863 2346 doctrinam
884 2285 1078 2360 examinasse,

364 2370 538 2449 profanam,
563 2383 649 2443 atque
671 2368 790 2444 impiam
809 2367 966 2442 judicalle,
984 2369 1085 2430 damna

173 2455 181 2473 ⁶
266 2460 299 2507 ·.
364 2448 1085 2527 haeresr.SYNODICUSapudJUSTEl

364 2532 469 2597 LUM
494 2532 526 2591 in
543 2531 646 2591 eadem
678 2531 760 2592 causa
791 2531 874 2610 plura
909 2552 1085 2596 commemor

236 2674 239 2681 ,
364 2611 536 2689 Hierapoli,
557 2611 714 2689 aquileja,
741 2619 769 2676 ἃ
795 2616 828 2676 in
851 2614 961 2678 Galliis.
1007 2615 1085 2680 ΤΕ]

365 2694 495 2759 TULL
506 2693 520 2754 1
531 2694 590 2755 AN
605 2695 659 2755 US
681 2696 806 2758 concilia
818 2717 835 2759 a
848 2697 1036 2761 Montanistis
1051 2700 1085 2777 ipl

360 2776 460 2840 habita
482 2777 680 2854 maximopere
708 2778 912 2855 concelebrat,
936 2783 964 2843 dt
988 2781 1085 2843 extoll

306 2886 311 2896 ·
357 2861 447 2924 Circa
465 2858 690 2921 celebrationem
713 2862 824 2939 paschae
843 2863 948 2924 eodem
976 2882 1085 2943 vergen

303 2999 307 3005 .
361 2942 488 3006 secundo
509 2939 611 3004 saeculo
637 2963 676 3004 ex
702 2963 823 3022 utraque
841 2958 924 3024 parte
937 2944 1037 3009 habita
1051 2947 1085 3010 sur

361 3025 493 3091 concilia.
518 3023 566 3086 Vl
578 3025 601 3088 C
613 3025 677 3088 TO
689 3027 714 3088 R
736 3027 884 3091 Romanus
894 3027 1032 3107 pontifex
1044 3026 1085 3092 P(

361 3105 586 3173 LYCRATI
611 3107 755 3186 Ephesrno
777 3112 808 3171 in
832 3110 912 3186 Afra,
952 3113 1036 3186 cujus
1053 3132 1084 3190 gr

360 3195 402 3256 tia
420 3188 596 3269 potiffimum
615 3211 648 3252 ea
671 3191 864 3254 controversia
888 3207 987 3266 mota,
1014 3194 1045 3255 id
1071 3196 1085 3256 ir

359 3275 479 3353 junxit,
504 3286 537 3333 ut
547 3273 697 3352 episcopos
710 3290 904 3338 convocaret:
920 3279 980 3354 ‘qui
996 3275 1085 3354 quide:

359 3359 387 3420 ei
406 3352 568 3431 adstipulari
588 3354 673 3428 sunt,
703 3371 735 3420 ut
754 3377 793 3420 ex
817 3359 913 3420 verbis
934 3357 1014 3421 illius
1035 3379 1085 3438 apu

359 3435 621 3504 EUSEBIUM
643 3439 788 3503 discimus.
844 3440 921 3503 Alibi
941 3456 1041 3505 autem
1063 3463 1085 3504 tu

358 3523 446 3599 dique
465 3522 497 3581 in
521 3521 653 3584 conciliis
690 3524 782 3584 idest
805 3524 976 3598 decretum,
1007 3536 1042 3587 ut
1063 3525 1085 3586 dr

357 3607 464 3669 mimica
476 3606 609 3681 proxima
620 3604 684 3681 post
704 3605 801 3668 lunam
818 3606 963 3669 decimam
982 3620 1085 3685 quarta

356 3686 461 3772 pascha
485 3685 667 3751 celebretur:
711 3690 743 3751 in
761 3689 873 3766 Ponto,
905 3687 1030 3764 Galliis,
1054 3690 1085 3752 Ra

1004 3790 1069 3848 Μ’
