2475 4450
179 560 298 617 rost
323 554 592 615 cantorum
614 553 712 612 ann.
727 552 791 612 xv.
835 538 932 633 3652,

151 727 219 771 cam
234 702 464 782 repraesentans,
481 702 658 780 potestatem
675 699 875 762 immediatam
886 718 913 763 >a

151 782 913 863 CHRISTOhaberemuiquilibetquuscunquesta·

151 886 200 936 tus
212 871 260 935 vel
272 870 433 949 dignitatis,
447 869 553 931 etiams
563 867 675 947 papalis
688 866 800 940 existat,
813 864 914 925 obedi-

151 977 186 1019 re
209 967 343 1017 terreatur
355 952 539 1031 in'his5quae
549 952 699 1031 pertinent
709 950 747 1025 ad
762 948 862 1023 fidem,
885 950 914 1010 dt

151 1040 382 1116 extirpationem
401 1034 582 1111 seminatis,
615 1052 650 1096 ao
676 1032 915 1118 reffirmationem

150 1121 323 1185 ecclesraein
334 1122 440 1197 capite,
454 1117 679 1180 &inmembria

204 1205 272 1281 Quo
286 1204 323 1265 de
336 1204 455 1263 decreto
479 1200 613 1279 usquein
636 1198 814 1262 hodiernum
838 1197 918 1259 diem

151 1301 244 1351 tantae
274 1283 475 1350 connoverfiae
501 1284 647 1359 fervent3
680 1282 759 1358 quod
789 1300 845 1343 nec
877 1280 919 1341 esi

152 1386 259 1450 aptum
274 1371 311 1431 ad
323 1368 454 1431 tollenda
465 1365 634 1440 schismata,
657 1383 714 1426 nec
735 1363 772 1425 ad
793 1360 920 1425 concilia

154 1451 303 1534 generalia
314 1449 553 1529 repraesentanda,
567 1448 616 1511 ubi
630 1446 749 1509 ecclesia
762 1463 829 1509 cum
841 1446 920 1522 capi-

156 1554 188 1601 te
200 1582 209 1613 ,
223 1539 251 1599 ἃ
262 1535 401 1598 membris
412 1531 570 1609 conspicua
578 1531 623 1606 fit,
632 1531 778 1593 idoneum
788 1528 914 1591 videtur.

201 1640 268 1703 Hoc
284 1640 465 1716 experientia
483 1638 589 1701 docuit
600 1641 632 1701 in
644 1641 808 1703 convocato
817 1638 919 1717 postea
939 1651 1097 1730 Ain-¹431·

158 1720 287 1787 concilio
310 1717 479 1795 Basrleensr‚
511 1721 563 1784 ubi
583 1722 677 1785 abusu
702 1720 787 1799 hujus
810 1719 922 1784 decreti

160 1807 264 1885 (quod
288 1818 385 1866 tamen
421 1806 556 1867 vitiatum
582 1808 643 1882 jam
666 1817 729 1867 tum
750 1803 834 1868 fuiffe
854 1804 918 1867 iim.

160 1886 594 1955 SCHELSTRATIUS
626 1888 760 1950 defendit
786 1886 922 1967 lingulati

160 1992 273 2051 opere,
297 1969 383 2031 editis
397 1971 467 2031 actis
483 1970 709 2032 Constantiensrs
731 1970 862 2045 concilii,
884 1970 923 2033 ad

160 2054 373 2134 exposrtionem
386 2052 570 2115 decretorum
591 2055 654 2130 ejus
668 2051 820 2116 sessionum
839 2072 924 2131 quar.

161 2152 223 2211 ta,
239 2142 266 2199 dt
282 2138 413 2213 quintae)
433 2155 479 2197 res
499 2137 532 2195 in
549 2155 663 2199 novom
674 2134 793 2199 schisma
806 2135 921 2213 erupit3

161 2244 198 2286 ac
207 2216 261 2282 soli
270 2218 345 2282 Galfi
356 2220 556 2281 auctoritatem
566 2218 652 2295 hujus
663 2219 781 2281 concilii
790 2232 922 2294 tuentur,

162 2305 323 2370 concilium
343 2317 440 2363 autem
462 2301 663 2366 Florentinum
675 2301 849 2381 plerumque
869 2322 925 2382 pro
949 2302 1105 2383 Arnum.

162 2387 348 2452 oecumenico
361 2406 423 2446 non
432 2384 549 2449 habent
1074 2384 1077 2399 '

212 2499 249 2562 ln
260 2519 317 2578 quo
328 2511 402 2560 tam-5
417 2519 425 2539 ⁸
440 2498 569 2562 concilio
581 2499 719 2563 Ferrariae
737 2520 772 2563 ac
784 2498 852 2563 alibi
868 2499 929 2580 pri.

164 2603 249 2646 mum
264 2584 395 2656 inditio,
421 2584 520 2661 postea
538 2581 694 2645 Florentiae
707 2583 854 2646 celebrato
864 2603 927 2648 non

165 2666 308 2729 occidens
328 2664 441 2738 solum,
465 2665 514 2727 sed
533 2667 632 2728 oriens
652 2667 740 2728 etiam
762 2669 926 2746 convenit,

166 2763 255 2827 atque
274 2749 344 2811 unio
366 2748 494 2810 restituta
521 2747 560 2810 est
572 2748 727 2822 ,-,defrnita
746 2751 871 2829 Spiritus
894 2753 924 2815 S.

167 2854 186 2895 a
201 2832 285 2893 Patre
296 2830 429 2908 Filioque
444 2829 651 2908 processrone',
677 2831 825 2899 vindicata
845 2834 928 2896 addi.

167 2918 251 2979 tione
262 2913 392 2992 symbolo
405 2914 480 2976 facta
492 2959 501 2988 ‚
515 2918 668 2996 Filioque,
683 2906 835 2979 validriate
848 2920 929 2995 agni·

167 3012 200 3062 ta
212 2997 435 3060 consecrationis
446 2996 503 3059 sive
514 2999 544 3057 in
556 3017 680 3078 azymo,
692 2998 750 3060 five
762 3000 795 3060 in
803 3000 930 3062 sermen-

167 3095 233 3144 tato
256 3100 263 3143 :
297 3079 374 3141 satio
394 3078 531 3161 consensu
553 3082 630 3143 circa
648 3081 755 3143 statum
767 3085 930 3146 animarum

168 3162 387 3243 purgandarum
399 3163 429 3222 in
451 3160 540 3223 altera
550 3164 630 3238 vita,
654 3184 689 3225 ac
701 3163 764 3242 post
782 3167 931 3244 purgatio·
968 3188 972 3198 ’

170 3267 243 3308 nem
251 3246 344 3307 statim
354 3246 392 3306 ad
406 3244 544 3306 visionem
557 3245 721 3308 beatificam
735 3247 931 3308 admittenda·

169 3349 258 3393 rum:
283 3330 382 3408 agnito
393 3330 480 3391 etiam
490 3330 618 3406 primatu
631 3330 758 3392 Romani
767 3330 926 3408 pontificia.
1046 3368 1048 3370 -

222 3495 334 3560 Merito
353 3493 412 3557 hoe
422 3492 623 3570 Florentinum
635 3494 792 3559 concilium
812 3514 867 3574 pro
886 3513 936 3574 ge-

172 3578 268 3644 nerali
279 3578 400 3640 habetur
411 3599 420 3652 3
443 3574 498 3639 alia
508 3578 608 3641 antem*
616 3581 648 3641 in
658 3592 770 3641 tantum
782 3624 791 3652 ‚
802 3581 833 3639 in
845 3600 934 3657 quan.

173 3676 240 3726 tum
264 3661 477 3740 repraesentatio
490 3660 616 3723 ecclesiae
637 3682 699 3722 non
718 3659 878 3738 acephala,
900 3679 944 3727 ac*

168 3742 326 3812 eontentio
345 3742 543 3833 legitimorum
555 3743 725 3826 pastorum,
745 3745 938 3894 judicrgrlrrqne¹

389 3854 391 3858 '
798 3847 833 3894 00
862 3847 893 3893 e·
