2475 4450
173 535 292 629 rosa
316 571 588 653 exararunt.
612 571 707 632 sno
743 578 794 636 tx.
843 567 919 651 29¹
973 640 978 657 Ι,

153 738 260 794 rores,
287 719 364 781 duce
383 719 571 782 SERGIO
596 719 745 799 quodam,
773 721 919 788 &mulie-

155 822 190 863 re
213 802 399 866 Manichaea:
423 818 525 865 contra
548 823 598 866 eos
619 808 708 867 etiam
732 806 783 868 sub
795 807 918 869 nomine

154 884 390 948 Paulicianorum
409 885 516 964 scriptit
540 886 775 952 PHOTIUS.
799 891 917 953 Necta-

153 988 226 1033 men
256 971 361 1031 erroris
381 977 480 1032 eorum
502 969 695 1033 accusandum
719 988 791 1050 puto
817 973 917 1037 FRI·

153 1051 181 1115 D
195 1051 257 1114 UG
270 1052 284 1113 1
295 1054 314 1113 S
325 1052 351 1113 U
363 1053 396 1113 Μ
425 1052 559 1114 abbatem
572 1097 582 1127 ‚
609 1058 692 1131 eujus
704 1055 853 1136 epistolam
862 1075 916 1118 no·

129 1166 131 1171 ·
154 1132 200 1197 bis
220 1135 441 1197 BALUZIU
454 1138 472 1197 S
498 1136 601 1206 dedit,
625 1138 675 1199 ubi
691 1140 728 1200 de
741 1138 858 1216 nihile,
885 1144 913 1203 ἂ
936 1152 1059 1237 Mistea

134 1217 286 1280 -tenebris
308 1238 389 1279 more
402 1237 481 1281 mere
500 1217 705 1297 philosophico
731 1226 844 1285 tradat
872 1226 915 1287 Ἀ·
943 1243 979 1303 Τ,
994 1245 1019 1304 Ι,
1031 1258 1064 1322 p,

153 1300 219 1364 GO
231 1300 253 1362 B
265 1300 324 1362 AR
338 1300 364 1362 D
376 1299 401 1361 U
413 1299 432 1363 S
452 1321 520 1363 eum
532 1303 620 1363 etiam
632 1304 764 1379 accusat,
791 1303 870 1383 qnod
883 1309 915 1369 in
936 1341 1007 1405 403,

152 1397 269 1446 tantum
285 1384 308 1445 C
320 1384 347 1445 H
358 1384 384 1445 R
396 1383 409 1445 Ι
420 1385 439 1445 S
450 1384 476 1445 T
486 1384 513 1445 U
524 1382 560 1445 M
576 1382 740 1448 humilitate
752 1388 916 1464 processiffe

152 1480 292 1546 putaret,
315 1479 349 1528 ut
363 1465 392 1526 se
411 1465 472 1527 falli
495 1465 595 1544 poffe,
609 1465 695 1530 velut
711 1472 807 1531 caeteri
822 1470 917 1533 homi·
1012 1518 1014 1523 -
1073 1493 1076 1504 ·

151 1569 227 1624 nes,
251 1552 423 1627 agnoverit:
448 1550 584 1626 quodque
602 1555 714 1615 animas
736 1565 848 1615 creatas
861 1552 917 1616 'di-

152 1646 236 1697 ceret
247 1632 373 1699 incerto
395 1630 463 1693 loco
487 1631 654 1708 subsistere,
680 1649 835 1713 antequam
851 1657 917 1699 cor·
979 1658 982 1666 ·

149 1713 274 1796 poribus
287 1718 545 1793 conjungerentur.
590 1716 651 1793 Qui
663 1736 764 1780 omnes
784 1718 849 1781 sunt
863 1739 915 1783 an-

151 1800 258 1877 tiquati
281 1818 416 1871 errores,
438 1815 494 1859 nec
513 1796 650 1877 leguntur
663 1798 721 1864 hoc
736 1815 915 1881 temporen-

150 1881 249 1961 liquid
270 1880 375 1944 funesti
396 1880 547 1959 peperisse.

201 1992 291 2055 Secus
310 1991 420 2053 accidit
440 2011 509 2054 cum
528 1989 610 2054 causa
634 1986 915 2056 GOTESCAL-

149 2074 224 2149 cl‚·
249 2075 413 2150 monasticis
443 2076 519 2136 votis
540 2074 563 2136 a'
571 2076 666 2152 prima
684 2077 840 2151 juventute
862 2074 916 2136 ob-

149 2157 265 2233 stricti,
291 2157 395 2236 quibus
419 2158 517 2236 postea
545 2157 736 2219 renunciaiit.
781 2158 916 2221 Lemoni

149 2241 318 2304 ianitorum
349 2255 486 2319 patrum,
520 2240 677 2318 praesertim
712 2242 740 2319 S.
769 2241 926 2320 AUGUs
1042 2257 1045 2262 ·
1093 2302 1096 2313 Ι

152 2324 299 2389 STINI
324 2322 440 2386 deditus
465 2321 529 2386 fuit.
574 2323 687 2384 Erroris
712 2324 750 2385 de
770 2324 915 2402 praedesti-

150 2410 273 2471 natione
285 2427 302 2468 a
313 2407 378 2469 RH
391 2407 555 2469 anNO
574 2405 755 2484 Mogontino
770 2404 915 2484 archiepi-

150 2488 244 2568 scopo
265 2490 304 2551 est
323 2489 521 2564 insimulatus,
549 2487 613 2550 aliis
634 2500 732 2551 autem
758 2488 913 2552 excusatus
1041 2558 1061 2572 „

152 2574 304 2650 hodieque
325 2574 374 2634 est.
418 2570 530 2634 Extant
549 2572 692 2648 nunejus
721 2571 914 2634 conteffiones

153 2656 224 2719 fidei
243 2670 305 2716 non
321 2657 395 2717 adeo
414 2671 531 2733 pravae3
554 2654 604 2716 sed
614 2648 772 2732 versipellis
783 2656 859 2731 fuit,
870 2653 918 2734 su.

153 2740 284 2820 petbus,
314 2741 342 2800 &
370 2754 537 2800 contumax.
573 2737 620 2799 ¹iit
635 2739 701 2814 quia
724 2737 786 2812 ejus
808 2735 915 2817 scripta

152 2843 215 2885 non
228 2835 331 2883 extant
344 2820 464 2896 omnia,
481 2820 513 2882 in
530 2820 634 2899 quibus
650 2819 776 2882 maxime
785 2820 913 2898 ferociit,

152 2927 190 2970 ac
210 2923 304 2968 vanus
330 2904 412 2986 fuit,
440 2904 645 2981 quaestionibus
666 2902 841 2981 importunis
864 2924 915 2966 oc-

153 3001 302 3066 cupatur,
327 2985 548 3049 excusationem
562 3004 623 3048 non
636 2986 700 3048 fert.
746 2987 833 3049 Certe
852 2987 914 3049 Ro·

152 3088 258 3134 manus
268 3070 426 3147 pontifex,
453 3070 490 3130 ad
501 3085 588 3146 quem
600 3066 780 3147 appellavit,
798 3065 833 3130 ab
849 3070 914 3145 ejus

152 3148 324 3218 defensione
346 3151 405 3214 cito
421 3152 537 3214 destitit.
580 3150 618 3214 Et
634 3147 704 3214 dum
719 3149 751 3212 in
773 3153 915 3214 extremis

152 3235 265 3319 politus
284 3237 388 3314 potius.
399 3233 506 3297 viatico
525 3234 642 3297 destitui
652 3234 768 3308 voluit,
783 3254 869 3311 quarn
879 3248 914 3303 ut

153 3318 267 3400 J'udicio
279 3317 500 3396 episcoporum,
526 3315 630 3395 quibus
644 3315 815 3396 dispensatio
829 3317 913 3380 verbi

153 3403 251 3469 divini
273 3399 420 3464 commissa
438 3401 500 3476 est,
521 3400 720 3478 concederet,
737 3399 812 3464 bene
825 3399 863 3463 de
883 3397 915 3465 se

151 3489 269 3569 sperare
283 3500 344 3546 non
362 3477 452 3561 jubet.

202 3598 407 3666 Controversia
430 3602 507 3664 circa
519 3597 739 3678 eucharistiam,
763 3612 843 3664 mota
855 3601 915 3679 pri-

152 3699 237 3747 mum
256 3683 315 3748 hoc
336 3684 459 3759 saeculo,
479 3681 664 3748 substantiam
676 3685 745 3748 fidei
758 3703 819 3748 non
831 3685 916 3747 vide.

153 3766 349 3875 turatttgtre,
360 3781 446 3850 atque
455 3767 555 3922 mrititps
565 3765 630 3847 deJ
641 3788 693 3834 oa
703 3780 762 3834 nn
776 3789 811 3919 {i
807 3769 826 3830 S
819 3766 861 3920 QC
865 3767 915 3938 ³O
