<?xml version="1.0" encoding="UTF-8"?>
<!DOCTYPE html PUBLIC "-//W3C//DTD XHTML 1.0 Transitional//EN"
    "http://www.w3.org/TR/xhtml1/DTD/xhtml1-transitional.dtd">
<html xmlns="http://www.w3.org/1999/xhtml" xml:lang="en" lang="en">
 <head>
  <title>
</title>
<meta http-equiv="Content-Type" content="text/html;charset=utf-8" />
  <meta name='ocr-system' content='tesseract 3.04.00' />
  <meta name='ocr-capabilities' content='ocr_page ocr_carea ocr_par ocr_line ocrx_word'/>
</head>
<body>
  <div class='ocr_page' id='page_1' title='image "./principiatheolo00gerbgoog/principiatheolo00gerbgoog_0122.png"; bbox 0 0 2475 4450; ppageno 0'>
   <div class='ocr_carea' id='block_1_1' title="bbox 317 565 950 633">
    <p class='ocr_par' dir='ltr' id='par_1_1' title="bbox 317 565 950 633">
     <span class='ocr_line' id='line_1_1' title="bbox 317 565 950 633; baseline -0.009 0"><span class='ocrx_word' id='word_1_1' title='bbox 317 565 392 633; x_wconf 69' lang='lat'>&#39;100</span> <span class='ocrx_word' id='word_1_2' title='bbox 500 569 556 626; x_wconf 76' lang='lat' dir='ltr'>nn</span> <span class='ocrx_word' id='word_1_3' title='bbox 582 570 835 627; x_wconf 78' lang='lat' dir='ltr'>nocnnrnn</span> <span class='ocrx_word' id='word_1_4' title='bbox 860 569 950 627; x_wconf 83' lang='lat' dir='ltr'>sac.</span> 
     </span>
    </p>
   </div>
   <div class='ocr_carea' id='block_1_2' title="bbox 356 712 1109 1042">
    <p class='ocr_par' dir='ltr' id='par_1_2' title="bbox 356 712 1109 1042">
     <span class='ocr_line' id='line_1_2' title="bbox 357 712 1108 797; baseline 0.001 -17"><span class='ocrx_word' id='word_1_5' title='bbox 357 714 472 780; x_wconf 81' lang='lat' dir='ltr'>DUM</span> <span class='ocrx_word' id='word_1_6' title='bbox 502 714 555 779; x_wconf 82' lang='lat' dir='ltr'>&#39;sub</span> <span class='ocrx_word' id='word_1_7' title='bbox 575 715 680 779; x_wconf 84' lang='lat' dir='ltr'>titulo:</span> <span class='ocrx_word' id='word_1_8' title='bbox 703 721 822 797; x_wconf 86' lang='lat' dir='ltr'>Legatio</span> <span class='ocrx_word' id='word_1_9' title='bbox 850 733 904 794; x_wconf 80' lang='lat' dir='ltr'>pro</span> <span class='ocrx_word' id='word_1_10' title='bbox 927 712 1108 796; x_wconf 52' lang='lat' dir='ltr'>christianis,¹</span> 
     </span>
     <span class='ocr_line' id='line_1_3' title="bbox 356 795 1109 878; baseline -0.003 -17"><span class='ocrx_word' id='word_1_11' title='bbox 356 819 421 877; x_wconf 87' lang='lat' dir='ltr'>quae</span> <span class='ocrx_word' id='word_1_12' title='bbox 448 798 594 877; x_wconf 85' lang='lat' dir='ltr'>hodieque</span> <span class='ocrx_word' id='word_1_13' title='bbox 610 797 753 878; x_wconf 83' lang='lat' dir='ltr'>superest:</span> <span class='ocrx_word' id='word_1_14' title='bbox 776 802 808 859; x_wconf 90' lang='lat' dir='ltr'>in</span> <span class='ocrx_word' id='word_1_15' title='bbox 831 818 889 877; x_wconf 81' lang='lat' dir='ltr'>qua</span> <span class='ocrx_word' id='word_1_16' title='bbox 906 795 1055 860; x_wconf 86' lang='lat' dir='ltr'>christiani</span> <span class='ocrx_word' id='word_1_17' title='bbox 1076 797 1109 859; x_wconf 83' lang='lat' dir='ltr'>ab</span> 
     </span>
     <span class='ocr_line' id='line_1_4' title="bbox 357 880 1107 958; baseline -0.003 -15"><span class='ocrx_word' id='word_1_18' title='bbox 357 881 480 958; x_wconf 72' lang='lat' dir='ltr'>objectis</span> <span class='ocrx_word' id='word_1_19' title='bbox 493 882 663 946; x_wconf 88' lang='lat' dir='ltr'>criminibus</span> <span class='ocrx_word' id='word_1_20' title='bbox 673 882 876 944; x_wconf 84' lang='lat' dir='ltr'>vindicantur:</span> <span class='ocrx_word' id='word_1_21' title='bbox 901 880 1042 944; x_wconf 89' lang='lat' dir='ltr'>miracula</span> <span class='ocrx_word' id='word_1_22' title='bbox 1064 899 1107 943; x_wconf 82' lang='lat' dir='ltr'>ve-</span> 
     </span>
     <span class='ocr_line' id='line_1_5' title="bbox 358 962 1106 1042; baseline -0.001 -17"><span class='ocrx_word' id='word_1_23' title='bbox 358 966 447 1038; x_wconf 84' lang='lat' dir='ltr'>ro,&amp;</span> <span class='ocrx_word' id='word_1_24' title='bbox 469 964 585 1026; x_wconf 86' lang='lat' dir='ltr'>oracula</span> <span class='ocrx_word' id='word_1_25' title='bbox 596 962 751 1042; x_wconf 87' lang='lat' dir='ltr'>gentilium</span> <span class='ocrx_word' id='word_1_26' title='bbox 776 965 903 1025; x_wconf 77' lang='lat' dir='ltr'>demoni</span> <span class='ocrx_word' id='word_1_27' title='bbox 928 962 1106 1041; x_wconf 83' lang='lat' dir='ltr'>deputantur.</span> 
     </span>
    </p>
   </div>
   <div class='ocr_carea' id='block_1_3' title="bbox 169 1044 1107 1126">
    <p class='ocr_par' dir='ltr' id='par_1_3' title="bbox 169 1044 1107 1126">
     <span class='ocr_line' id='line_1_6' title="bbox 169 1044 1107 1126; baseline -0.004 -16"><span class='ocrx_word' id='word_1_28' title='bbox 169 1065 177 1080; x_wconf 82' lang='lat'><em>⁰</em></span> <span class='ocrx_word' id='word_1_29' title='bbox 246 1099 254 1119; x_wconf 86' lang='grc'><em>,</em></span> <span class='ocrx_word' id='word_1_30' title='bbox 357 1044 602 1109; x_wconf 86' lang='lat' dir='ltr'><strong>EUSEBIUS</strong></span> <span class='ocrx_word' id='word_1_31' title='bbox 626 1046 793 1124; x_wconf 85' lang='lat' dir='ltr'><strong>apologiam</strong></span> <span class='ocrx_word' id='word_1_32' title='bbox 829 1048 937 1108; x_wconf 88' lang='lat' dir='ltr'>iisdem</span> <span class='ocrx_word' id='word_1_33' title='bbox 959 1048 1107 1126; x_wconf 84' lang='lat' dir='ltr'>imperato·</span> 
     </span>
    </p>
   </div>
   <div class='ocr_carea' id='block_1_4' title="bbox 357 1127 1020 1193">
    <p class='ocr_par' dir='ltr' id='par_1_4' title="bbox 357 1127 1020 1193">
     <span class='ocr_line' id='line_1_7' title="bbox 357 1127 1020 1193; baseline 0 -1"><span class='ocrx_word' id='word_1_34' title='bbox 357 1127 439 1192; x_wconf 86' lang='lat' dir='ltr'>ribus</span> <span class='ocrx_word' id='word_1_35' title='bbox 454 1127 899 1192; x_wconf 78' lang='lat' dir='ltr'>oblatanaMILTIADE</span> <span class='ocrx_word' id='word_1_36' title='bbox 918 1128 1020 1193; x_wconf 79' lang='lat' dir='ltr'>refert</span> 
     </span>
    </p>
   </div>
   <div class='ocr_carea' id='block_1_5' title="bbox 280 1269 1123 2762">
    <p class='ocr_par' dir='ltr' id='par_1_5' title="bbox 280 1269 1123 2762">
     <span class='ocr_line' id='line_1_8' title="bbox 403 1269 1109 1355; baseline -0.006 -14"><span class='ocrx_word' id='word_1_37' title='bbox 403 1278 544 1341; x_wconf 86' lang='lat' dir='ltr'><strong>Omnium</strong></span> <span class='ocrx_word' id='word_1_38' title='bbox 570 1274 776 1339; x_wconf 85' lang='lat' dir='ltr'>celeberrimus</span> <span class='ocrx_word' id='word_1_39' title='bbox 806 1269 965 1355; x_wconf 68' lang='lat' dir='ltr'>apologista</span> <span class='ocrx_word' id='word_1_40' title='bbox 996 1273 1109 1351; x_wconf 68' lang='lat' dir='ltr'>nlo·</span> 
     </span>
     <span class='ocr_line' id='line_1_9' title="bbox 362 1357 1111 1437; baseline -0.007 -12"><span class='ocrx_word' id='word_1_41' title='bbox 362 1358 549 1425; x_wconf 86' lang='lat' dir='ltr'>STINUS</span> <span class='ocrx_word' id='word_1_42' title='bbox 566 1357 713 1433; x_wconf 83' lang='lat' dir='ltr'>habetur,</span> <span class='ocrx_word' id='word_1_43' title='bbox 747 1357 810 1421; x_wconf 84' lang='lat' dir='ltr'>aliis</span> <span class='ocrx_word' id='word_1_44' title='bbox 830 1359 919 1421; x_wconf 89' lang='lat' dir='ltr'>etiam</span> <span class='ocrx_word' id='word_1_45' title='bbox 940 1360 1030 1423; x_wconf 82' lang='lat' dir='ltr'>editis</span> <span class='ocrx_word' id='word_1_46' title='bbox 1050 1376 1111 1437; x_wconf 79' lang='lat' dir='ltr'>ope·</span> 
     </span>
     <span class='ocr_line' id='line_1_10' title="bbox 362 1440 1113 1521; baseline -0.003 -14"><span class='ocrx_word' id='word_1_47' title='bbox 362 1444 442 1507; x_wconf 87' lang='lat' dir='ltr'>ribus</span> <span class='ocrx_word' id='word_1_48' title='bbox 458 1462 516 1521; x_wconf 86' lang='lat' dir='ltr'>-pro</span> <span class='ocrx_word' id='word_1_49' title='bbox 541 1440 683 1519; x_wconf 79' lang='lat' dir='ltr'>religione</span> <span class='ocrx_word' id='word_1_50' title='bbox 711 1440 863 1505; x_wconf 79' lang='lat' dir='ltr'>christiana</span> <span class='ocrx_word' id='word_1_51' title='bbox 883 1441 990 1505; x_wconf 86' lang='lat' dir='ltr'>clarus.</span> <span class='ocrx_word' id='word_1_52' title='bbox 1048 1441 1113 1518; x_wconf 59' lang='lat' dir='ltr'>Duc</span> 
     </span>
     <span class='ocr_line' id='line_1_11' title="bbox 355 1521 1113 1603; baseline -0.001 -14"><span class='ocrx_word' id='word_1_53' title='bbox 355 1525 440 1589; x_wconf 86' lang='lat' dir='ltr'>illius</span> <span class='ocrx_word' id='word_1_54' title='bbox 452 1522 595 1603; x_wconf 74' lang='lat' dir='ltr'>apologia</span> <span class='ocrx_word' id='word_1_55' title='bbox 606 1522 776 1601; x_wconf 83' lang='lat' dir='ltr'>supersunt,</span> <span class='ocrx_word' id='word_1_56' title='bbox 805 1544 876 1602; x_wconf 83' lang='lat' dir='ltr'>quas</span> <span class='ocrx_word' id='word_1_57' title='bbox 902 1521 1113 1588; x_wconf 85' lang='lat' dir='ltr'>ANTONINO</span> 
     </span>
     <span class='ocr_line' id='line_1_12' title="bbox 362 1604 1115 1685; baseline -0.005 -14"><span class='ocrx_word' id='word_1_58' title='bbox 362 1606 498 1671; x_wconf 82' lang='lat' dir='ltr'>obtuliiie</span> <span class='ocrx_word' id='word_1_59' title='bbox 514 1621 629 1669; x_wconf 88' lang='lat' dir='ltr'>veteres</span> <span class='ocrx_word' id='word_1_60' title='bbox 644 1608 835 1669; x_wconf 75' lang='lat' dir='ltr'>tradiderunt</span> <span class='ocrx_word' id='word_1_61' title='bbox 879 1604 1115 1685; x_wconf 85' lang='lat' dir='ltr'>Suspicanturta·</span> 
     </span>
     <span class='ocr_line' id='line_1_13' title="bbox 360 1688 1116 1767; baseline -0.004 -11"><span class='ocrx_word' id='word_1_62' title='bbox 360 1711 434 1756; x_wconf 85' lang='lat' dir='ltr'>men</span> <span class='ocrx_word' id='word_1_63' title='bbox 455 1689 594 1767; x_wconf 83' lang='lat' dir='ltr'>quidam,</span> <span class='ocrx_word' id='word_1_64' title='bbox 625 1691 755 1766; x_wconf 84' lang='lat' dir='ltr'>priorem</span> <span class='ocrx_word' id='word_1_65' title='bbox 782 1688 899 1753; x_wconf 80' lang='lat' dir='ltr'>alterius</span> <span class='ocrx_word' id='word_1_66' title='bbox 924 1688 982 1752; x_wconf 80' lang='lat' dir='ltr'>cil&#39;e</span> <span class='ocrx_word' id='word_1_67' title='bbox 1006 1691 1116 1753; x_wconf 79' lang='lat' dir='ltr'>tannm</span> 
     </span>
     <span class='ocr_line' id='line_1_14' title="bbox 361 1770 1116 1853; baseline -0.001 -19"><span class='ocrx_word' id='word_1_68' title='bbox 361 1772 565 1853; x_wconf 76' lang='lat' dir='ltr'>praefationem</span> <span class='ocrx_word' id='word_1_69' title='bbox 597 1771 765 1847; x_wconf 83' lang='lat' dir='ltr'>quandam,</span> <span class='ocrx_word' id='word_1_70' title='bbox 803 1771 924 1835; x_wconf 80' lang='lat' dir='ltr'>alteram</span> <span class='ocrx_word' id='word_1_71' title='bbox 955 1786 1057 1837; x_wconf 86' lang='lat' dir='ltr'>autern</span> <span class='ocrx_word' id='word_1_72' title='bbox 1082 1770 1116 1834; x_wconf 90' lang='lat' dir='ltr'>ad</span> 
     </span>
     <span class='ocr_line' id='line_1_15' title="bbox 368 1852 1112 1935; baseline -0.001 -18"><span class='ocrx_word' id='word_1_73' title='bbox 368 1873 424 1917; x_wconf 88' lang='lat' dir='ltr'>nos</span> <span class='ocrx_word' id='word_1_74' title='bbox 434 1872 496 1914; x_wconf 95' lang='lat' dir='ltr'>non</span> <span class='ocrx_word' id='word_1_75' title='bbox 503 1852 676 1930; x_wconf 73' lang='lat' dir='ltr'>pervenisse,</span> <span class='ocrx_word' id='word_1_76' title='bbox 691 1869 770 1916; x_wconf 89' lang='lat' dir='ltr'>certe</span> <span class='ocrx_word' id='word_1_77' title='bbox 779 1874 839 1930; x_wconf 89' lang='lat' dir='ltr'>non</span> <span class='ocrx_word' id='word_1_78' title='bbox 849 1854 964 1934; x_wconf 84' lang='lat' dir='ltr'>integra</span> <span class='ocrx_word' id='word_1_79' title='bbox 971 1858 1112 1935; x_wconf 83' lang='lat' dir='ltr'>pervenit.</span> 
     </span>
     <span class='ocr_line' id='line_1_16' title="bbox 280 1934 1118 2011; baseline -0.002 -10"><span class='ocrx_word' id='word_1_80' title='bbox 280 1989 284 2008; x_wconf 86' lang='lat'><em>,</em></span> <span class='ocrx_word' id='word_1_81' title='bbox 364 1938 437 2001; x_wconf 89' lang='lat' dir='ltr'>Non</span> <span class='ocrx_word' id='word_1_82' title='bbox 446 1934 539 1997; x_wconf 86' lang='lat' dir='ltr'>solum</span> <span class='ocrx_word' id='word_1_83' title='bbox 550 1948 648 1997; x_wconf 86' lang='lat' dir='ltr'>autem</span> <span class='ocrx_word' id='word_1_84' title='bbox 658 1949 755 1999; x_wconf 88' lang='lat' dir='ltr'>tuetur</span> <span class='ocrx_word' id='word_1_85' title='bbox 768 1940 968 2001; x_wconf 84' lang='lat' dir='ltr'>innocentiam</span> <span class='ocrx_word' id='word_1_86' title='bbox 981 1939 1118 2011; x_wconf 71' lang='lat' dir='ltr'>doiirinc</span> 
     </span>
     <span class='ocr_line' id='line_1_17' title="bbox 363 2018 1120 2096; baseline 0 -13"><span class='ocrx_word' id='word_1_87' title='bbox 363 2018 545 2093; x_wconf 81' lang='lat' dir='ltr'>christiana,</span> <span class='ocrx_word' id='word_1_88' title='bbox 557 2020 679 2096; x_wconf 76' lang='lat' dir='ltr'>eiusque</span> <span class='ocrx_word' id='word_1_89' title='bbox 689 2022 843 2083; x_wconf 88' lang='lat' dir='ltr'>commoda</span> <span class='ocrx_word' id='word_1_90' title='bbox 853 2024 881 2083; x_wconf 70' lang='grc' dir='ltr'><strong>ἃ</strong></span> <span class='ocrx_word' id='word_1_91' title='bbox 892 2021 1077 2096; x_wconf 82' lang='lat' dir='ltr'>bonitatem,</span> <span class='ocrx_word' id='word_1_92' title='bbox 1088 2041 1120 2083; x_wconf 92' lang='lat' dir='ltr'>ac</span> 
     </span>
     <span class='ocr_line' id='line_1_18' title="bbox 366 2101 1120 2183; baseline -0.001 -17"><span class='ocrx_word' id='word_1_93' title='bbox 366 2101 582 2180; x_wconf 83' lang='lat' dir='ltr'>inquibusdarn</span> <span class='ocrx_word' id='word_1_94' title='bbox 604 2105 839 2165; x_wconf 86' lang='lat' dir='ltr'>convenientiam</span> <span class='ocrx_word' id='word_1_95' title='bbox 849 2123 917 2166; x_wconf 89' lang='lat' dir='ltr'>cum</span> <span class='ocrx_word' id='word_1_96' title='bbox 931 2102 1120 2183; x_wconf 91' lang='lat' dir='ltr'>philosopho-</span> 
     </span>
     <span class='ocr_line' id='line_1_19' title="bbox 365 2183 1121 2265; baseline 0 -16"><span class='ocrx_word' id='word_1_97' title='bbox 365 2195 434 2249; x_wconf 66' lang='lat' dir='ltr'>‘rum</span> <span class='ocrx_word' id='word_1_98' title='bbox 454 2183 591 2263; x_wconf 81' lang='lat' dir='ltr'>placitis3</span> <span class='ocrx_word' id='word_1_99' title='bbox 614 2205 717 2256; x_wconf 84' lang='lat' dir='ltr'>verum</span> <span class='ocrx_word' id='word_1_100' title='bbox 736 2188 822 2250; x_wconf 87' lang='lat' dir='ltr'>etiarn</span> <span class='ocrx_word' id='word_1_101' title='bbox 836 2188 898 2265; x_wconf 74' lang='lat' dir='ltr'>ejus</span> <span class='ocrx_word' id='word_1_102' title='bbox 920 2188 1077 2252; x_wconf 87' lang='lat' dir='ltr'>veritatem</span> <span class='ocrx_word' id='word_1_103' title='bbox 1086 2206 1121 2249; x_wconf 87' lang='lat' dir='ltr'>ex</span> 
     </span>
     <span class='ocr_line' id='line_1_20' title="bbox 365 2267 1123 2348; baseline 0.003 -18"><span class='ocrx_word' id='word_1_104' title='bbox 365 2267 588 2348; x_wconf 71' lang='lat' dir='ltr'>&#39;prophetiarum</span> <span class='ocrx_word' id='word_1_105' title='bbox 603 2268 800 2348; x_wconf 84' lang='lat' dir='ltr'>completione</span> <span class='ocrx_word' id='word_1_106' title='bbox 816 2271 1029 2333; x_wconf 88' lang='lat' dir='ltr'>commonstrat</span> <span class='ocrx_word' id='word_1_107' title='bbox 1039 2316 1049 2347; x_wconf 92' lang='lat'>,</span> <span class='ocrx_word' id='word_1_108' title='bbox 1058 2273 1123 2332; x_wconf 84' lang='lat' dir='ltr'>&#39;&#39;do-</span> 
     </span>
     <span class='ocr_line' id='line_1_21' title="bbox 367 2351 1123 2430; baseline 0 -16"><span class='ocrx_word' id='word_1_109' title='bbox 367 2353 492 2414; x_wconf 63' lang='lat' dir='ltr'>{trinam</span> <span class='ocrx_word' id='word_1_110' title='bbox 504 2354 647 2430; x_wconf 87' lang='lat' dir='ltr'>exponit,</span> <span class='ocrx_word' id='word_1_111' title='bbox 671 2358 699 2415; x_wconf 78' lang='lat' dir='ltr'>dc</span> <span class='ocrx_word' id='word_1_112' title='bbox 723 2351 903 2430; x_wconf 85' lang='lat' dir='ltr'>disciplinam</span> <span class='ocrx_word' id='word_1_113' title='bbox 927 2353 1123 2430; x_wconf 85' lang='lat' dir='ltr'>christianam,</span> 
     </span>
     <span class='ocr_line' id='line_1_22' title="bbox 367 2433 1123 2515; baseline 0.001 -17"><span class='ocrx_word' id='word_1_114' title='bbox 367 2435 525 2515; x_wconf 81' lang='lat' dir='ltr'>praesertim</span> <span class='ocrx_word' id='word_1_115' title='bbox 536 2440 569 2494; x_wconf 91' lang='lat' dir='ltr'>in</span> <span class='ocrx_word' id='word_1_116' title='bbox 580 2433 657 2496; x_wconf 89' lang='lat' dir='ltr'>sacra</span> <span class='ocrx_word' id='word_1_117' title='bbox 667 2434 788 2512; x_wconf 83' lang='lat' dir='ltr'>synaxi,</span> <span class='ocrx_word' id='word_1_118' title='bbox 809 2455 843 2497; x_wconf 90' lang='lat' dir='ltr'>ac</span> <span class='ocrx_word' id='word_1_119' title='bbox 864 2434 1065 2499; x_wconf 86' lang='lat' dir='ltr'>celebratione</span> <span class='ocrx_word' id='word_1_120' title='bbox 1076 2456 1123 2499; x_wconf 81' lang='lat' dir='ltr'>eu-</span> 
     </span>
     <span class='ocr_line' id='line_1_23' title="bbox 368 2514 1123 2598; baseline 0.005 -20"><span class='ocrx_word' id='word_1_121' title='bbox 368 2516 512 2578; x_wconf 77' lang='lat' dir='ltr'>&#39;charistici</span> <span class='ocrx_word' id='word_1_122' title='bbox 529 2514 679 2590; x_wconf 80' lang='lat' dir='ltr'>sacrificii,</span> <span class='ocrx_word' id='word_1_123' title='bbox 716 2519 795 2595; x_wconf 89' lang='lat' dir='ltr'>quod</span> <span class='ocrx_word' id='word_1_124' title='bbox 805 2516 969 2581; x_wconf 88' lang='lat' dir='ltr'>luculenter</span> <span class='ocrx_word' id='word_1_125' title='bbox 991 2521 1123 2598; x_wconf 85' lang='lat' dir='ltr'>exponit.</span> 
     </span>
     <span class='ocr_line' id='line_1_24' title="bbox 369 2597 1123 2679; baseline 0.004 -19"><span class='ocrx_word' id='word_1_126' title='bbox 369 2598 435 2660; x_wconf 88' lang='lat' dir='ltr'>Nec</span> <span class='ocrx_word' id='word_1_127' title='bbox 445 2616 564 2675; x_wconf 83' lang='lat' dir='ltr'>operam</span> <span class='ocrx_word' id='word_1_128' title='bbox 573 2597 722 2676; x_wconf 87' lang='lat' dir='ltr'>perdidit,</span> <span class='ocrx_word' id='word_1_129' title='bbox 745 2603 940 2679; x_wconf 86' lang='lat' dir='ltr'>imperatore,</span> <span class='ocrx_word' id='word_1_130' title='bbox 957 2601 1079 2666; x_wconf 90' lang='lat' dir='ltr'>decreto</span> <span class='ocrx_word' id='word_1_131' title='bbox 1088 2600 1123 2664; x_wconf 90' lang='lat' dir='ltr'>ad</span> 
     </span>
     <span class='ocr_line' id='line_1_25' title="bbox 371 2679 1123 2762; baseline 0.007 -22"><span class='ocrx_word' id='word_1_132' title='bbox 371 2679 486 2741; x_wconf 85' lang='lat' dir='ltr'>Afianas</span> <span class='ocrx_word' id='word_1_133' title='bbox 496 2680 629 2742; x_wconf 79' lang='lat' dir='ltr'>civitates</span> <span class='ocrx_word' id='word_1_134' title='bbox 640 2681 740 2756; x_wconf 82' lang='lat' dir='ltr'>millo,</span> <span class='ocrx_word' id='word_1_135' title='bbox 764 2699 906 2758; x_wconf 85' lang='lat' dir='ltr'>cavente,</span> <span class='ocrx_word' id='word_1_136' title='bbox 919 2703 958 2746; x_wconf 89' lang='lat' dir='ltr'>ne</span> <span class='ocrx_word' id='word_1_137' title='bbox 971 2686 1037 2762; x_wconf 88' lang='lat' dir='ltr'>quis</span> <span class='ocrx_word' id='word_1_138' title='bbox 1050 2685 1123 2747; x_wconf 89' lang='lat' dir='ltr'>chri-</span> 
     </span>
    </p>
   </div>
   <div class='ocr_carea' id='block_1_6' title="bbox 371 2761 1123 2921">
    <p class='ocr_par' dir='ltr' id='par_1_6' title="bbox 371 2761 1123 2921">
     <span class='ocr_line' id='line_1_26' title="bbox 373 2761 1123 2843; baseline 0.008 -21"><span class='ocrx_word' id='word_1_139' title='bbox 373 2761 478 2822; x_wconf 85' lang='lat' dir='ltr'>stianos</span> <span class='ocrx_word' id='word_1_140' title='bbox 499 2774 622 2840; x_wconf 89' lang='lat' dir='ltr'>propter</span> <span class='ocrx_word' id='word_1_141' title='bbox 644 2761 814 2841; x_wconf 87' lang='lat' dir='ltr'>religionem</span> <span class='ocrx_word' id='word_1_142' title='bbox 827 2767 970 2843; x_wconf 87' lang='lat' dir='ltr'>supplicio</span> <span class='ocrx_word' id='word_1_143' title='bbox 983 2767 1123 2839; x_wconf 88' lang='lat' dir='ltr'>afficeret,</span> 
     </span>
     <span class='ocr_line' id='line_1_27' title="bbox 371 2843 1121 2921; baseline 0.008 -15"><span class='ocrx_word' id='word_1_144' title='bbox 371 2858 405 2906; x_wconf 92' lang='lat' dir='ltr'>ut</span> <span class='ocrx_word' id='word_1_145' title='bbox 422 2843 1121 2921; x_wconf 78' lang='lat' dir='ltr'>postEUSEBIUlllrefertZONARriS,</span> 
     </span>
    </p>
   </div>
   <div class='ocr_carea' id='block_1_7' title="bbox 240 2925 1122 3004">
    <p class='ocr_par' dir='ltr' id='par_1_7' title="bbox 240 2925 1122 3004">
     <span class='ocr_line' id='line_1_28' title="bbox 240 2925 1122 3004; baseline 0.008 -17"><span class='ocrx_word' id='word_1_146' title='bbox 240 2986 248 3003; x_wconf 70' lang='grc'><em>,</em></span> <span class='ocrx_word' id='word_1_147' title='bbox 369 2928 502 3004; x_wconf 87' lang='lat' dir='ltr'>quamvis</span> <span class='ocrx_word' id='word_1_148' title='bbox 523 2925 633 2989; x_wconf 90' lang='lat' dir='ltr'>alicubi</span> <span class='ocrx_word' id='word_1_149' title='bbox 664 2929 814 2993; x_wconf 87' lang='lat' dir='ltr'>decretum</span> <span class='ocrx_word' id='word_1_150' title='bbox 847 2951 957 2994; x_wconf 86' lang='lat' dir='ltr'>nornen</span> <span class='ocrx_word' id='word_1_151' title='bbox 981 2930 1122 2994; x_wconf 75' lang='lat' dir='ltr'><strong>AURE·</strong></span> 
     </span>
    </p>
   </div>
   <div class='ocr_carea' id='block_1_8' title="bbox 358 3008 1123 3745">
    <p class='ocr_par' dir='ltr' id='par_1_8' title="bbox 358 3008 1123 3745">
     <span class='ocr_line' id='line_1_29' title="bbox 372 3008 1118 3092; baseline 0 -20"><span class='ocrx_word' id='word_1_152' title='bbox 372 3008 446 3072; x_wconf 87' lang='lat' dir='ltr'>LII</span> <span class='ocrx_word' id='word_1_153' title='bbox 479 3009 649 3087; x_wconf 86' lang='lat' dir='ltr'>praeseferat.</span> <span class='ocrx_word' id='word_1_154' title='bbox 717 3012 780 3075; x_wconf 79' lang='lat' dir='ltr'>Alia</span> <span class='ocrx_word' id='word_1_155' title='bbox 809 3034 863 3092; x_wconf 90' lang='lat' dir='ltr'>pro</span> <span class='ocrx_word' id='word_1_156' title='bbox 884 3014 1028 3092; x_wconf 87' lang='lat' dir='ltr'>religione</span> <span class='ocrx_word' id='word_1_157' title='bbox 1050 3011 1118 3077; x_wconf 82' lang='lat' dir='ltr'>chri·</span> 
     </span>
     <span class='ocr_line' id='line_1_30' title="bbox 373 3092 1118 3174; baseline 0.003 -20"><span class='ocrx_word' id='word_1_158' title='bbox 373 3092 462 3155; x_wconf 74' lang='lat' dir='ltr'>{tiana</span> <span class='ocrx_word' id='word_1_159' title='bbox 483 3093 577 3172; x_wconf 81' lang='lat' dir='ltr'>edidit</span> <span class='ocrx_word' id='word_1_160' title='bbox 598 3111 707 3171; x_wconf 84' lang='lat' dir='ltr'>opera,</span> <span class='ocrx_word' id='word_1_161' title='bbox 731 3096 807 3157; x_wconf 88' lang='lat' dir='ltr'>inter</span> <span class='ocrx_word' id='word_1_162' title='bbox 819 3117 883 3174; x_wconf 84' lang='lat' dir='ltr'>quae</span> <span class='ocrx_word' id='word_1_163' title='bbox 903 3098 1014 3159; x_wconf 88' lang='lat' dir='ltr'>eminet</span> <span class='ocrx_word' id='word_1_164' title='bbox 1035 3095 1118 3158; x_wconf 86' lang='lat' dir='ltr'>dialo-</span> 
     </span>
     <span class='ocr_line' id='line_1_31' title="bbox 358 3173 1114 3256; baseline 0.005 -19"><span class='ocrx_word' id='word_1_165' title='bbox 358 3180 428 3253; x_wconf 73' lang='lat' dir='ltr'>gus</span> <span class='ocrx_word' id='word_1_166' title='bbox 448 3173 525 3237; x_wconf 89' lang='lat' dir='ltr'>illius</span> <span class='ocrx_word' id='word_1_167' title='bbox 545 3175 926 3254; x_wconf 77' lang='lat' dir='ltr'>cumTRYPHUNE,</span> <span class='ocrx_word' id='word_1_168' title='bbox 960 3199 1048 3256; x_wconf 89' lang='lat' dir='ltr'>quem</span> <span class='ocrx_word' id='word_1_169' title='bbox 1067 3179 1114 3240; x_wconf 82' lang='lat' dir='ltr'>fru·</span> 
     </span>
     <span class='ocr_line' id='line_1_32' title="bbox 377 3257 1123 3342; baseline 0.007 -24"><span class='ocrx_word' id='word_1_170' title='bbox 377 3257 434 3318; x_wconf 88' lang='lat' dir='ltr'>stra</span> <span class='ocrx_word' id='word_1_171' title='bbox 454 3258 579 3334; x_wconf 90' lang='lat' dir='ltr'>nuperC</span> <span class='ocrx_word' id='word_1_172' title='bbox 593 3278 625 3320; x_wconf 79' lang='lat' dir='ltr'>rr.</span> <span class='ocrx_word' id='word_1_173' title='bbox 654 3259 810 3322; x_wconf 72' lang='lat' dir='ltr'>Gonni.</span> <span class='ocrx_word' id='word_1_174' title='bbox 826 3260 1123 3342; x_wconf 70' lang='lat' dir='ltr'>KOCHintersup]</span> 
     </span>
     <span class='ocr_line' id='line_1_33' title="bbox 374 3338 1123 3422; baseline 0.012 -22"><span class='ocrx_word' id='word_1_175' title='bbox 374 3340 501 3418; x_wconf 81' lang='lat' dir='ltr'>posrtitia</span> <span class='ocrx_word' id='word_1_176' title='bbox 522 3338 611 3401; x_wconf 74' lang='lat' dir='ltr'>sancti</span> <span class='ocrx_word' id='word_1_177' title='bbox 626 3344 759 3420; x_wconf 84' lang='lat' dir='ltr'>martyris</span> <span class='ocrx_word' id='word_1_178' title='bbox 777 3361 885 3422; x_wconf 77' lang='lat' dir='ltr'>opera,</span> <span class='ocrx_word' id='word_1_179' title='bbox 909 3363 973 3421; x_wconf 86' lang='lat' dir='ltr'>quae</span> <span class='ocrx_word' id='word_1_180' title='bbox 984 3340 1123 3409; x_wconf 80' lang='lat' dir='ltr'>nonnulla.</span> 
     </span>
     <span class='ocr_line' id='line_1_34' title="bbox 358 3421 1123 3504; baseline 0.001 -19"><span class='ocrx_word' id='word_1_181' title='bbox 358 3421 646 3498; x_wconf 85' lang='lat' dir='ltr'>circumferuntur,</span> <span class='ocrx_word' id='word_1_182' title='bbox 670 3424 772 3486; x_wconf 85' lang='lat' dir='ltr'>referri</span> <span class='ocrx_word' id='word_1_183' title='bbox 795 3425 908 3488; x_wconf 90' lang='lat' dir='ltr'>voluit:</span> <span class='ocrx_word' id='word_1_184' title='bbox 933 3445 969 3490; x_wconf 90' lang='lat' dir='ltr'>ea</span> <span class='ocrx_word' id='word_1_185' title='bbox 990 3427 1123 3504; x_wconf 70' lang='lat' dir='ltr'>quidem*</span> 
     </span>
     <span class='ocr_line' id='line_1_35' title="bbox 373 3480 1123 3593; baseline -0.004 -24"><span class='ocrx_word' id='word_1_186' title='bbox 373 3523 435 3569; x_wconf 84' lang='lat' dir='ltr'>non</span> <span class='ocrx_word' id='word_1_187' title='bbox 455 3504 562 3566; x_wconf 73' lang='lat' dir='ltr'>sinistra</span> <span class='ocrx_word' id='word_1_188' title='bbox 585 3506 773 3582; x_wconf 87' lang='lat' dir='ltr'>intentione,</span> <span class='ocrx_word' id='word_1_189' title='bbox 798 3505 986 3585; x_wconf 74' lang='lat' dir='ltr'>quodsantio</span> <span class='ocrx_word' id='word_1_190' title='bbox 1007 3480 1123 3593; x_wconf 59' lang='lat' dir='ltr'>martyrii</span> 
     </span>
     <span class='ocr_line' id='line_1_36' title="bbox 375 3585 1123 3669; baseline 0 -19"><span class='ocrx_word' id='word_1_191' title='bbox 375 3585 472 3650; x_wconf 80' lang='lat' dir='ltr'>labem</span> <span class='ocrx_word' id='word_1_192' title='bbox 489 3585 635 3648; x_wconf 86' lang='lat' dir='ltr'>Chiliasrni</span> <span class='ocrx_word' id='word_1_193' title='bbox 661 3587 819 3667; x_wconf 86' lang='lat' dir='ltr'>abstergere</span> <span class='ocrx_word' id='word_1_194' title='bbox 839 3588 953 3666; x_wconf 87' lang='lat' dir='ltr'>vellet,</span> <span class='ocrx_word' id='word_1_195' title='bbox 990 3591 1123 3669; x_wconf 71' lang='lat' dir='ltr'>quodque?</span> 
     </span>
     <span class='ocr_line' id='line_1_37' title="bbox 372 3667 1114 3745; baseline -0.001 -13"><span class='ocrx_word' id='word_1_196' title='bbox 372 3667 551 3745; x_wconf 58' lang='lat' dir='ltr'>‘origenismi</span> <span class='ocrx_word' id='word_1_197' title='bbox 574 3670 612 3731; x_wconf 89' lang='lat' dir='ltr'>de</span> <span class='ocrx_word' id='word_1_198' title='bbox 631 3670 773 3733; x_wconf 85' lang='lat' dir='ltr'>damnatis</span> <span class='ocrx_word' id='word_1_199' title='bbox 793 3673 939 3734; x_wconf 88' lang='lat' dir='ltr'>mentibus</span> <span class='ocrx_word' id='word_1_200' title='bbox 960 3693 1000 3734; x_wconf 85' lang='lat' dir='ltr'>ex</span> <span class='ocrx_word' id='word_1_201' title='bbox 1025 3671 1114 3734; x_wconf 76' lang='lat' dir='ltr'>inferit</span> 
     </span>
    </p>
   </div>
   <div class='ocr_carea' id='block_1_9' title="bbox 357 3749 1118 3901">
    <p class='ocr_par' dir='ltr' id='par_1_9' title="bbox 357 3749 1118 3901">
     <span class='ocr_line' id='line_1_38' title="bbox 357 3749 1118 3901; baseline -0.009 -78"><span class='ocrx_word' id='word_1_202' title='bbox 357 3749 556 3847; x_wconf 60' lang='lat' dir='ltr'>⁸llbetondis,</span> <span class='ocrx_word' id='word_1_203' title='bbox 581 3752 789 3836; x_wconf 76' lang='lat' dir='ltr'>niansmque</span> <span class='ocrx_word' id='word_1_204' title='bbox 808 3754 940 3834; x_wconf 80' lang='lat' dir='ltr'>quaedam</span> <span class='ocrx_word' id='word_1_205' title='bbox 953 3753 1118 3901; x_wconf 52' lang='lat' dir='ltr'>vestigiaoii</span> 
     </span>
    </p>
   </div>
   <div class='ocr_carea' id='block_1_10' title="bbox 0 0 1264 4450">
    <p class='ocr_par' dir='ltr' id='par_1_10' title="bbox 0 0 1264 4450">
     <span class='ocr_line' id='line_1_39' title="bbox 0 0 1264 4450; baseline 0 0"><span class='ocrx_word' id='word_1_206' title='bbox 0 0 1264 4450; x_wconf 95' lang='lat' dir='ltr'> </span> 
     </span>
    </p>
   </div>
  </div>
 </body>
</html>
