2475 4450
184 385 314 447 ‘rosi
341 380 613 449 camisum.
637 384 727 448 sae.
756 386 793 448 r.
841 384 930 466 aoy:-

104 533 125 644 ᾗ
156 529 322 606 efafflone
339 523 552 599 monachorum
578 548 681 599 contra
704 530 918 613 JUVENs'o

98 661 118 701 μ,
155 613 913 699 Llildinepiscopumllierosolymitanumelesius.
976 687 979 695 ,

98 763 121 819 ‘i
200 754 386 822 Alexandria
408 758 480 836 alter
512 758 782 839 Timomaius
806 760 915 826 ELU·

98 819 126 936 J,
156 836 250 905 RUS
272 844 432 919 fassionem
443 843 584 921 fovebat,
600 845 728 908 incitaiis
744 846 831 910 etiam
852 864 918 910 mo-
1008 913 1011 917 ,

98 897 126 1004 ᾖ
155 923 258 988 naeus
278 926 770 1005 contrasiioiiniuui,
799 928 915 992 acon,

110 973 128 1046 l
154 1006 257 1071 cilium
272 1007 508 1072 chalcedonense
521 1030 530 1085 3
545 1012 577 1073 in
595 1013 678 1087 cujus
693 1010 792 1073 locum
816 1010 917 1074 Eco-

99 1087 122 1168 3.
152 1108 173 1151 ι
186 1111 208 1151 o
221 1112 235 1153 s
252 1091 406 1171 episcopus
421 1093 461 1154 est
470 1093 684 1171 proclamatus,
697 1094 841 1156 trucidato
859 1114 914 1173 po·

99 1187 120 1250 jt
151 1172 213 1235 stea
229 1175 258 1237 S.
276 1176 327 1238 Pa
338 1196 356 1235 o
368 1196 390 1236 a
403 1197 419 1237 a
433 1197 452 1236 a
463 1198 475 1236 1
487 1196 514 1241 o.
570 1175 599 1239 Is
625 1176 777 1238 damnatos
802 1176 918 1255 episto·-

98 1253 117 1336 ’ζ’
150 1276 231 1335 pos,
259 1260 287 1321 di
300 1258 422 1321 clericos
438 1279 540 1321 onmes
564 1259 597 1321 iri
612 1261 854 1328 communionem
869 1279 916 1323 re-

98 1351 106 1390 ?
151 1341 244 1417 cepit.
289 1341 367 1404 Dum
377 1362 448 1404 vero
467 1345 555 1406 etiam
579 1341 717 1421 quosdam
737 1341 859 1405 clericos
881 1344 910 1406 S.

99 1435 106 1444 ·
150 1420 174 1483 P
185 1442 236 1483 ao
249 1442 271 1484 r
282 1444 299 1485 a
309 1444 329 1485 a
341 1445 352 1483 i
365 1446 376 1484 r
389 1423 525 1503 suscipit,
539 1427 749 1503 pertinaciores
761 1422 918 1505 Eutychia·

148 1505 185 1565 ni
200 1504 231 1567 se
243 1506 280 1569 ab
290 1527 330 1592 eo·
339 1506 527 1585 separarunt,
549 1507 721 1587 singularem
735 1521 915 1575 conventum

149 1602 296 1665 agentes:
319 1610 391 1669 quos
404 1590 607 1653 Dioscorianos
618 1593 713 1654 didos
726 1590 827 1665 fuisse,
854 1591 918 1670 qui-

153 1672 224 1732 dam
245 1671 359 1735 volunt.
404 1673 427 1735 E
440 1696 458 1733 i
468 1692 491 1734 u
502 1691 521 1734 i
531 1695 577 1738 us
592 1684 691 1739 autem
704 1693 772 1738 cum
787 1674 915 1738 concilio
943 1681 980 1745 T.
992 1680 1048 1749 W,

150 1754 427 1819 chalcedonensi&
448 1758 476 1819 S.
492 1756 515 1819 L
527 1777 543 1818 i
555 1778 573 1819 o
586 1777 608 1819 u
622 1779 637 1819 a
652 1762 707 1825 dic.
720 1757 915 1835 ‚nihilominus
942 1770 1028 1828 conc.

152 1840 247 1899 etiam
256 1839 280 1901 E
289 1860 312 1899 u
323 1860 345 1900 r
356 1860 377 1899 r
389 1859 408 1900 c
419 1860 441 1899 n
454 1860 470 1900 i
481 1860 504 1900 ri
515 1840 675 1917 dainnavit,
687 1843 766 1921 quod
776 1843 914 1917 tenuerit,
932 1864 963 1927 p.
981 1865 1048 1924 511.

152 1941 277 1985 carnem
300 1922 318 1996 J
326 1916 620 1986 ESU'Cnaisri
643 1942 705 1986 non
727 1925 783 1986 elle
814 1924 916 1986 nostrae

152 2003 448 2079 consubstantialem,
473 2006 504 2065 in
529 2026 587 2084 quo
611 2006 766 2070 DlOSC
780 2005 916 2070 ORUS

152 2088 178 2153 E
190 2108 209 2149 u
225 2106 249 2148 a·
260 2108 283 2147 r
296 2107 316 2149 c
328 2106 351 2149 ia
364 2109 375 2148 1
388 2089 550 2151 contrarius
562 2089 651 2151 suerit
664 2111 673 2164 ς
696 2084 855 2152 concilium
867 2109 917 2151 au·

153 2185 217 2234 tem
227 2167 484 2247 Chalcedonense,
500 2174 634 2234 &totum
646 2173 831 2235 occidentem
846 2187 915 2234 cum

155 2256 185 2316 S.
204 2254 348 2321 Leoni
377 2275 430 2317 ceu
450 2255 637 2321 Nestorianos
662 2256 741 2334 apud
760 2258 920 2332 imperato·

154 2358 218 2400 rem
234 2336 347 2399 detulit
391 2339 419 2399 S.
436 2336 517 2400 Lao
541 2340 603 2414 ejus
629 2338 780 2401 conatibus
801 2339 917 2399 sortiter

155 2420 263 2482 restitit
274 2465 283 2494 ,
295 2435 358 2482 tum
371 2420 419 2484 alii
432 2423 520 2482 etiam
534 2421 668 2499 ptaesules
681 2421 836 2496 catholici,
861 2438 918 2484 nec

156 2504 217 2565 fine
238 2501 366 2565 effestu:
401 2505 499 2565 donec
519 2503 674 2568 illaudatus
709 2505 758 2566 hic
789 2503 921 2566 ‘rma

158 2584 518 2649 a-iiiusELURUS
542 2588 639 2665 postea
661 2587 711 2650 sub
735 2585 919 2650 BASlLI-

158 2669 250 2735 SCO
264 2669 446 2731 occasionem
461 2673 561 2732 nastus
581 2669 820 2733 inconciliabulo
833 2666 925 2747 Cpoli
1022 2741 1025 2748 ¹

158 2752 320 2814 damnandi
331 2751 472 2830 synodum
478 2751 755 2816 chalcedonensem:
770 2755 854 2829 cujus
869 2754 919 2815 de·

159 2850 241 2897 creto
256 2835 279 2897 B
292 2855 314 2895 a
325 2856 338 2896 s
350 2857 391 2895 ic
403 2857 414 2916 ‚¹
426 2856 439 2896 s
450 2855 469 2895 c
481 2856 502 2895 o
517 2856 530 2896 s
544 2835 656 2899 litteras
672 2836 826 2900 circulares
837 2836 921 2898 addi·

158 2920 224 2997 dit,
249 2938 321 2996 quas
337 2919 425 2978 etiam
440 2931 543 2996 typum
558 2931 689 2982 vocant:
723 2920 774 2982 ubi
794 2918 920 2982 laudatis

157 3000 276 3079 synodis
289 3000 432 3076 Nicoma,
460 3000 614 3078 Cpolitana
626 3002 661 3064 1„
676 3002 787 3066 duabus
803 3001 921 3080 Ephesi·

157 3086 234 3158 nis,
268 3082 513 3145 Chalcedonensis
538 3086 697 3160 rejicitur:
727 3084 920 3150 nihilominus

159 3168 313 3228 damnatur
333 3168 422 3227 etiam
437 3166 570 3242 harem,
592 3187 655 3245 quic
676 3168 810 3230 confiteri
825 3169 920 3229 detre-
1037 3173 1040 3184 “

99 3268 103 3281 ’
159 3253 238 3325 ctat,
256 3248 367 3312 Filium
382 3248 470 3310 DEI
486 3269 624 3324 carnem,
650 3271 685 3313 ac
705 3251 855 3312 hominem
878 3251 921 3312 fa-

159 3335 256 3408 stum,
281 3330 332 3392 sed
352 3351 458 3409 corpus
477 3352 494 3393 a
517 3332 593 3393 coelo
613 3331 753 3409 sumsisse,
772 3347 921 3411 autappa·

158 3436 223 3478 rens
239 3427 379 3486 tantum,
400 3435 434 3477 ac
460 3413 681 3492 phantasticum.
727 3417 781 3479 Cui
802 3417 921 3478 decreto
1070 3485 1074 3500 1

158 3500 226 3561 dum
240 3497 347 3560 infistit
360 3497 384 3558 E
396 3520 413 3555 c
424 3517 446 3557 u
457 3517 507 3557 au
522 3518 535 3559 s
550 3542 559 3572 ‚
580 3499 756 3579 Eutychiani
779 3501 845 3577 puri
860 3498 921 3577 ple·
941 3501 1048 3579 Evagr.

154 3583 237 3664 rique
248 3581 338 3646 abeo
350 3579 382 3642 se
390 3578 566 3660 separarunt.
615 3581 826 3656 GENNAD
840 3578 921 3646 lus
940 3582 1100 3671 hissLJss.

862 3676 1089 3741 am..
