2475 4450
324 577 399 654 19²
502 566 562 637 oo
583 569 821 637 noemam
844 558 936 633 sac

326 745 330 752 ’
358 728 558 794 testimonium
577 731 800 811 perhibentem,
821 722 1008 795 acatholicis
1029 740 1109 806 peeo-
1141 719 1160 781 Ῑ

319 850 328 868 ,
357 814 410 874 nia
429 828 600 892 corruptum
623 813 764 879 dicentes.
1138 802 1160 863 ᾗ

402 895 460 957 Sed
484 898 555 959 dum
574 898 715 975 paulatim
733 893 951 961 Donatistarum
964 886 1058 959 mlbae
1076 891 1109 955 so
1138 885 1160 948 fl

358 972 488 1053 dantur,
522 981 695 1059 graviores,
725 984 754 1043 ἃ
775 981 865 1059 longe
888 979 1041 1043 deterrimi
1057 996 1110 1039 mo
1140 989 1160 1030 fl

359 1072 410 1123 tus
433 1061 600 1126 Africanam
629 1063 859 1127 florentiffimam
880 1060 1034 1129 ecclefiam
1055 1073 1110 1123 tan·-
1142 1072 1160 1127 ¹2

361 1144 432 1206 dem
451 1146 631 1223 conficiunt,
654 1147 815 1212 Wandalis
839 1150 871 1209 in
896 1166 962 1210 eam
985 1146 1110 1211 irruenti·
1145 1154 1160 1213 Ι

198 1308 200 1311 ¹
361 1226 425 1291 buo.
462 1230 566 1307 ,Quos
599 1230 886 1296 SALVIANUS
914 1230 952 1293 ad
978 1228 1110 1292 detestan-
1146 1233 1160 1279 ¹

136 1351 185 1418 De
221 1346 292 1409 aba
363 1312 401 1375 da
412 1312 551 1376 Afrorum
563 1315 636 1376 vitia
648 1316 797 1393 punienda
817 1315 919 1377 divino
935 1311 1058 1376 consilio
1068 1313 1111 1374 im-

135 1365 222 1494 mg
229 1383 308 1494 DE}
361 1395 482 1471 miffos,
513 1396 651 1461 barbaros
668 1398 760 1473 licet,
781 1400 813 1461 in
833 1396 932 1459 multis
957 1395 1038 1459 Afris
1063 1415 1114 1457 me-

136 1515 164 1579 L
191 1475 236 1578 ’Π
261 1512 304 1590 &a
361 1478 451 1543 liores
475 1480 556 1544 dicit.
612 1479 662 1544 Eis
677 1481 705 1545 fe
726 1479 905 1562 aliquamdiu
929 1481 1020 1541 etiam
1048 1477 1115 1543 cele-
1145 1509 1151 1568 ιι

141 1558 241 1665 m'
362 1559 863 1639 bris,&S.Aocuoso1mo
898 1561 1115 1626 commendao'l·
1149 1573 1152 1578 '

360 1645 448 1710 fimus
476 1666 575 1709 comeo
605 1646 924 1712 BONIFACIUS
959 1649 1114 1723 junxerat3

360 1896 399 1959 lis
418 1894 545 1956 Africam
556 1906 649 1957 totam
664 1833 894 1975 occullantibus,
919 1860 956 1959 δι’
970 1898 1119 1963 ecclefiam
1152 1813 1160 1945 l

361 1975 501 2041 diriffima
518 1976 656 2050 servitute
676 1981 844 2043 tenentibus
867 1979 919 2043 sub
943 1981 1121 2045 GENSE-
1157 1997 1160 2076 ι

361 2060 651 2139 RlCOprimum‚
675 2062 1122 2142 acposteafilioHUNERl·
1158 2085 1160 2090 ·

362 2144 427 2211 CO
446 2145 580 2219 Arianis,
604 2144 817 2210 catholicorum
828 2146 1023 2211 infenfiffimis
1037 2149 1121 2212 hosti·

362 2231 427 2295 bus.
470 2231 511 2293 Hi
531 2231 660 2308 gravioti
679 2230 769 2309 longe
783 2230 986 2310 persecutione
998 2233 1121 2309 grallon-

362 2329 432 2390 tes,
456 2335 543 2394 quam
564 2314 675 2378 ethnici
689 2315 897 2393 imperatores,
912 2315 1048 2393 praesules
1061 2336 1119 2377 om·
1153 2374 1154 2379 ,

362 2421 417 2464 nes
429 2401 522 2462 autin
543 2398 686 2472 exilium,
701 2418 769 2461 cum
790 2396 888 2461 multis
910 2397 1040 2461 millibus
1064 2399 1118 2462 cle·
1159 2420 1160 2457 l

362 2489 491 2548 cicorum
507 2481 665 2554 miserunt,
689 2495 738 2544 aut
758 2481 912 2543 tormentis
932 2481 1118 2544 acerbiffimis

362 2578 505 2644 martyres
527 2563 745 2626 CHRISTI
767 2563 936 2626 effecerunt.
980 2565 1116 2644 Rebapti·

364 2669 432 2713 zare
454 2663 552 2709 autem
572 2645 755 2720 catholicos,
779 2647 868 2709 etiam
888 2648 1021 2723 invitos,
1047 2649 1116 2711 mol·

362 2746 395 2795 to
408 2733 518 2806 majore
527 2730 707 2793 immanitate
716 2728 862 2791 Wandali
870 2727 1002 2794 solebant
1012 2778 1022 2807 ‚
1034 2752 1115 2810 quam
1152 2764 1160 2807 ι

316 2878 319 2883 ,
360 2813 529 2879 Donatista.
585 2812 710 2876 Romam
729 2814 840 2887 acciti,
874 2813 979 2875 urbem
1001 2816 1116 2892 quidem
1152 2829 1160 2889 ξ

360 2897 526 2970 vastarunt,
551 2897 631 2974 quod
641 2911 727 2960 antea
739 2897 827 2956 etiam
837 2895 874 2956 ab
894 2896 1114 2962 ALARlCO
1153 2929 1160 2973 ι

359 2980 476 3044 eaurbs
484 2978 614 3058 perpessa
624 2993 706 3055 erat,
729 2977 778 3040 sed
800 2976 956 3056 religioni,
981 2978 1116 3044 ecolefiae·
1153 2995 1160 3056 ξ

360 3084 418 3146 que
432 3079 502 3153 mne
523 3083 631 3127 nocere
648 3062 727 3126 haud
746 3075 914 3141 potuerunt.

404 3180 515 3247 smmi
536 3185 663 3262 pallores
684 3180 759 3242 nihil
778 3182 924 3259 antiquius
943 3181 1115 3253 habuerunt,

362 3288 450 3348 quam
464 3267 614 3330 ecclesiam
630 3263 808 3328 commissam
828 3269 859 3328 in
882 3264 931 3327 sua
952 3267 1116 3345 integritate

362 3351 555 3422 conservare,
586 3365 650 3412 tum
672 3350 800 3427 undique
824 3368 877 3426 per
903 3348 1027 3424 orbem,
1054 3367 1117 3411 com

363 3431 671 3511 Romaepraeprimis,
709 3431 761 3494 ubi
792 3430 1116 3493 lmmocomoios

362 3515 573 3588 Photinianos‚
612 3511 864 3588 &Novatianom
902 3515 930 3577 S.
951 3511 1051 3577 LEO
1074 3534 1118 3576 ao·

360 3614 423 3664 tem
442 3596 624 3660 Manichaeos
639 3595 786 3672 latentes,
807 3617 841 3659 ac
859 3595 1059 3660 studiofiffime
1079 3600 1116 3658 in·

361 3683 481 3762 quifitos
501 3677 623 3759 expolio
669 3678 759 3758 Quod
772 3679 941 3757 exemplum
957 3682 1049 3742 etiam
1060 3678 1118 3742 aliae

317 3798 327 3811 ·
363 3763 492 3830 ecclelia
508 3782 561 3845 per
576 3762 680 3828 orbem
694 3761 896 3841 sumsecutae,
917 3761 1080 3842 prasertim
1090 3764 1118 3824 io

977 3844 1080 3925 Hispa·
1155 3844 1160 3959 j
