2475 4450
283 387 421 468 nure
458 407 741 475 enatorum.
775 417 780 422 ·
822 367 825 372 ⁴
889 401 943 492 u

158 565 171 578 '·
196 549 351 708 m
396 549 582 642 Sed'postea
611 558 736 628 muttffe
764 550 940 628 summ

139 921 143 930 .
265 933 267 939 ,
417 838 461 951 ς.
489 836 669 931 XVIII.

190 1019 281 1110 Reli
309 1049 416 1114 uum
427 1025 573 1114 orbem
583 1022 714 1140 usque
728 1019 940 1117 odCHRI·
963 1025 1121 1107 Reliquam

135 1133 232 1224 STI
253 1051 477 1254 adventum
502 1136 691 1252 undique
714 1138 941 1228 idololatria
961 1109 1118 1259 Ξζῖξζῑζ,

137 1251 380 1378 oocupavit,
407 1272 531 1365 atque
547 1250 839 1352 abominabiles
851 1277 943 1368 om·
962 1277 1106 1341 inunum.

138 1364 382 1486 nugeneris
398 1361 715 1476 superstitiones.
962 1373 1003 1452 te,

226 1597 325 1674 Sunt,
351 1598 726 1680 quitotumpagmifinnm
757 1602 792 1666 in
812 1602 946 1668 durasse-

181 1680 246 1744 ἀπε
266 1678 424 1761 palmarias
448 1682 646 1760 distribuunt,
662 1684 842 1770 Magorum,
857 1688 946 1752 &Sa-

181 1759 317 1828 baeorum
333 1762 537 1843 inchaldaea,
559 1766 610 1846 qui
634 1768 776 1850 imagines
797 1767 946 1846 colebant,

179 1845 267 1918 velut
280 1846 413 1928 symbola
424 1845 591 1926 stellarum,
604 1852 734 1917 maxime
749 1849 946 1933 planetarum,

180 1925 403 2006 velhominum
413 1928 561 2019 solemque
569 1933 849 2016 proasuprtmo'Deo
859 1934 949 1997 habe·

180 2011 275 2088 bant,
304 2032 430 2091 quorum
438 2014 585 2094 hodieque
595 2016 674 2079 circa
692 2016 822 2080 confinia
842 2016 949 2081 Libani

179 2094 325 2174 superfint
336 2095 502 2160 sedatores.
546 2097 630 2176 Magi
643 2143 653 2174 ,
665 2097 756 2162 altera
770 2098 846 2162 seda
860 2118 950 2177 paga-

180 2180 274 2254 nica,
308 2180 359 2257 qui
380 2178 452 2242 olim
471 2180 629 2256 inPersra‚
658 2183 687 2244 dc
711 2180 797 2244 India
818 2180 951 2245 celebret

184 2263 332 2337 fuerunt,
354 2265 471 2345 ignem,
500 2268 529 2328 δι
543 2263 637 2327 solem
655 2262 878 2327 venerabantur.
923 2269 950 2327 A

184 2345 359 2408 Graeconrm
376 2359 498 2422 autem,
519 2346 549 2410 dr
567 2346 668 2426 postea
678 2346 882 2417 Romanorum
905 2345 950 2410 su·

180 2426 403 2508 perstitionibus
426 2429 629 2508 paganismus,
665 2450 700 2493 ac
719 2428 887 2513 idoloiatria
904 2430 950 2492 in·
1068 2472 1072 2479 =

183 2512 251 2573 dies
272 2505 454 2574 incrementa
477 2511 581 2575 sumsrt
627 2511 704 2575 Tam
713 2513 838 2588 Graeca,
862 2533 950 2591 quam

182 2594 323 2658 Romana
356 2594 518 2672 superstitio
548 2596 635 2658 initio
656 2594 813 2674 fimpliciot
842 2594 951 2658 fabulis

183 2675 323 2741 involuta
344 2675 421 2752 fuit,
444 2698 514 2755 quas
530 2678 626 2740 Graeci
651 2676 864 2742 aPhoenicibua
881 2676 952 2760 hau·

182 2759 308 2834 serunt,
330 2774 416 2839 atque
435 2762 472 2824 iis
492 2760 671 2840 religionem
702 2761 949 2837 oontaminarunt,

187 2842 309 2904 infinita
326 2842 450 2906 deorum
461 2843 650 2908 multitudine
664 2844 843 2908 introdudta.
858 2843 952 2921 *Quos

185 2925 280 2988 secuti
292 2924 442 3002 Romani,
465 2947 522 3006 quo
544 2925 641 3012 latius,
655 2924 767 3006 semper
782 2927 873 3006 magis
888 2947 948 2989 ma-

187 3011 295 3088 gisque
318 3009 550 3073 dominationem
561 3011 795 3088 protenderunt,
809 3030 845 3073 eo
854 3011 947 3089 magio

188 3089 443 3170 superstitionibus
464 3093 601 3156 omnibus
623 3090 724 3157 locum
748 3092 951 3156 concesserunt

188 3176 325 3237 omnium
347 3177 480 3255 gentium
497 3176 730 3254 adoptatioDiis.
774 3174 812 3239 Et
820 3173 953 3239 licetfal-

186 3257 252 3320 litas
266 3277 330 3322 non
345 3261 477 3338 potuerit
487 3279 549 3321 non
558 3256 690 3321 subolere
698 3257 768 3333 illis,
780 3260 830 3337 qui
840 3258 952 3337 aliquid

187 3341 285 3409 adhuc
297 3343 455 3422 saperent,
478 3341 567 3421 vulgo
579 3353 679 3404 tamen
689 3342 761 3404 vicit
775 3340 879 3404 inolita
888 3360 954 3419 per·

189 3425 309 3493 verfitas
322 3429 356 3490 in
373 3422 457 3489 cultu
467 3424 585 3503 publico
602 3445 610 3487 :
634 3437 669 3488 ut
686 3438 785 3487 tamen
809 3423 957 3487 cordatio-

189 3530 234 3574 res
244 3558 255 3589 ,
267 3510 437 3594 praesertim
451 3508 550 3587 postea
560 3506 611 3570 sub
624 3507 785 3583 Romanis,
799 3509 830 3570 in
841 3505 956 3585 scriptis

188 3592 242 3664 suis
256 3595 435 3686 proderent
452 3588 642 3658 stultiffimmr
659 3589 808 3672 religionis
833 3586 958 3740 ffiblicae

801 3690 838 3742 00
869 3691 923 3741 ue·
