2475 4450
153 544 268 604 uosr
291 544 564 632 cunrsuun.
589 543 684 607 stuc.
700 544 796 605 nvn.
831 536 911 621 4¹2
946 535 955 642 μ’

151 663 269 723 terioris
292 658 479 738 neceffi'tatrm
498 655 676 739 adfingulos
691 657 793 742 orfitus,
818 663 909 723 etiam

151 743 194 806 ad
221 742 346 804 initium
361 743 465 821 fidei.-
499 743 539 817 ἓξ
569 745 604 804 in
625 743 678 804 hoc
708 757 795 804 erant
826 744 912 812 hare-

109 835 112 840 '
153 828 228 901 tici,
242 829 333 908 ,quod
344 829 446 887 vellent
454 847 518 887 eam
528 830 661 904 gratiam
676 830 764 893 talem
776 820 844 909 effi,
860 829 913 889 cui
965 828 969 832 ’

148 903 239 993 puffet
257 911 390 971 humana
410 912 548 970 uoluntas
568 908 714 992 rglr‘stere,
738 913 784 971 vel
803 913 911 972 obtem·

149 1008 261 1071 perure.
319 990 395 1067 Quia
416 1010 486 1070 ergo
506 991 685 1055 inanimum
707 991 760 1055 fibi
778 991 910 1067 induxit,

152 1077 186 1137 in
201 1075 296 1137 nostra
310 1074 451 1152 potestate
464 1089 527 1136 uon
550 1074 607 1137 effe
626 1074 847 1154 obtemperare,
861 1068 912 1139 vel

153 1157 280 1220 refistere
301 1161 418 1236 gratiae,
442 1159 564 1235 gratiam
587 1177 652 1219 non
675 1177 777 1220 omnes
802 1158 912 1222 habere

155 1235 316 1315 concluso,
330 1240 476 1322 adeoque
496 1239 713 1303 CHRISTI
740 1240 911 1320 sanguinem

152 1342 217 1387 non
231 1324 269 1386 ad
292 1342 393 1386 omnes
424 1324 593 1401 pertinere,
614 1343 671 1385 nec
698 1343 753 1401 pto
773 1324 912 1387 omnibus

153 1405 433 1471 CHRISTUM
443 1418 591 1467 mortuum
599 1405 674 1469 effe:
696 1405 776 1469 secus
789 1411 839 1485 qui
849 1407 913 1470 sen.

154 1492 233 1555 tiant
242 1490 349 1552 iterum
359 1508 413 1567 pro
423 1487 566 1551 haereticis
574 1487 686 1563 habet,
701 1488 771 1552 hinc
786 1489 821 1551 V.
842 1510 911 1568 pro-

154 1572 281 1653 pofitio,
294 1571 621 1653 Semi-Pelagianumest
632 1576 746 1645 dicere,
772 1577 836 1637 CH
844 1576 911 1637 RI-

156 1662 180 1721 S
191 1659 223 1720 T
233 1658 313 1721 UM
321 1672 374 1732 pro
385 1658 519 1717 omnibus
528 1658 647 1718 numina
659 1649 824 1717 hominibus
835 1676 914 1717 nur.

155 1732 327 1821 tuumeffi,
355 1751 411 1799 aut
425 1733 603 1819 sanguinem
616 1736 689 1816 sudi
710 1761 733 1801 e.
775 1738 913 1802 Idetiam

156 1820 369 1884 observandum
383 1822 415 1882 in
437 1821 569 1883 doctrina
589 1818 608 1897 J
616 1841 640 1883 n
651 1840 675 1883 u
685 1841 725 1883 su
739 1837 763 1882 n
776 1842 812 1882 11
826 1866 836 1897 ‚
862 1822 915 1884 de-

156 1905 308 1968 terminari
336 1902 519 1967 voluntatem
537 1904 575 1966 ad
592 1903 657 1967 suas
675 1904 806 1967 actiones
830 1905 915 1967 inde-

155 1986 287 2051 liberatis
307 1985 566 2052 delectationibus:
590 2006 659 2051 cum
673 1989 767 2065 prima
777 1987 915 2050 deterrui.

108 2080 110 2084 ’
154 2072 239 2134 natio
252 2068 335 2132 liberi
347 2068 457 2132 arbitrii
468 2088 508 2131 ex
529 2070 699 2148 cognitione
710 2068 777 2131 finis
788 2070 915 2147 agentis,

156 2153 265 2217 debeat
275 2150 330 2214 effe
339 2172 420 2214 arnor
430 2150 525 2228 liber,
554 2155 583 2215 &
602 2150 708 2215 electio
722 2150 831 2214 finisin
843 2172 916 2231 quu-

157 2249 275 2315 cunque
291 2235 364 2298 statu
384 2235 472 2298 etiam
491 2247 603 2300 naturae
627 2248 792 2313 corruptae:
827 2255 916 2315 quam

155 2321 175 2397 J
186 2337 410 2383 nusuuuus
435 2320 653 2396 corruptionem
677 2317 837 2381 voluntatis
862 2316 917 2382 sta.

156 2403 267 2466 tuit'in
283 2399 763 2480 dependentiaadeleitationibus
789 2402 919 2466 victricia

156 2487 214 2550 bus
232 2481 440 2547 indeliberatis.

201 2568 275 2631 Inde
291 2582 387 2630 autem
402 2579 484 2646 patet
514 2569 589 2631 ratio
607 2567 764 2648 Rigorismi
786 2565 918 2643 Janseni·

157 2651 284 2727 starum,
305 2664 424 2729 peccata
447 2653 535 2713 eriam
553 2652 745 2730 ignorantia,
769 2649 917 2717 &indeli-

156 2736 260 2798 berata
274 2736 502 2810 imputantium,
526 2750 560 2797 ut
580 2733 650 2801 hinc
659 2734 770 2813 semper
776 2736 816 2809 ad
827 2735 918 2797 tutio-

156 2838 193 2883 ra
216 2816 359 2896 obligatos
382 2838 437 2879 nos
453 2816 567 2892 velint,
602 2820 631 2880 ἃ
647 2816 793 2881 insolitum
807 2818 918 2898 ubique

158 2903 288 2980 rigorem
307 2901 338 2962 in
359 2899 510 2978 disciplina
524 2902 704 2978 poenitentiae
715 2901 865 2980 flagitent,
877 2902 917 2964 ad

160 2984 393 3062 desperationem
423 2982 538 3060 usque,
570 2983 794 3063 neglettumque
825 2983 917 3046 sacra-

160 3081 328 3130 mentorum
341 3111 351 3140 ,
371 3067 441 3129 dum
453 3065 587 3128 homines
598 3066 823 3129 deieciationem
836 3066 917 3128 illam

161 3151 317 3212 victricem
327 3151 359 3210 in
373 3148 401 3210 se
417 3149 454 3210 ad
469 3148 580 3210 bonum
605 3149 796 3222 faciendum,
819 3152 846 3211 ἃ
867 3149 919 3211 de-

161 3232 332 3296 clinandum
353 3252 371 3293 a
392 3230 470 3293 malo
494 3234 680 3310 experientia-
694 3233 752 3310 ipsa
781 3232 919 3294 diuturna

160 3335 224 3378 non
235 3315 369 3378 sentiunt

204 3398 348 3476 Utrinque
365 3411 463 3460 autem
482 3397 548 3460 suos
576 3412 716 3476 patronos
740 3411 801 3459 tarn
822 3398 919 3475 quoad

162 3481 345 3554 theoretica,
378 3501 464 3558 quam
488 3482 616 3558 predica
633 3483 821 3557 jactitarunt,
856 3481 919 3544 illic

160 3565 200 3629 D.
222 3563 417 3628 THOMAE
437 3562 586 3638 scholam,
608 3568 637 3628 u
664 3565 919 3633 &nonusnu-

123 3709 125 3712 .
162 3667 224 3712 nu
239 3670 282 3722 n,
304 3648 387 3722 eujus
409 3646 436 3708 se
458 3645 616 3725 discipulos
628 3660 754 3721 vocant3
778 3645 827 3709 hic
836 3645 920 3711 disci
1027 3656 1030 3662 '

161 3729 277 3814 plinam
287 3746 415 3796 veterem
427 3729 553 3795 eccleuae
567 3734 645 3796 circa
657 3729 835 3876 poeniteutfis
847 3729 922 3808 pub·

827 3831 880 3877 coa
