2475 4450
324 693 467 775 quidem,
491 689 647 752 hominum
661 687 814 752 misertum
835 688 905 768 post
920 688 1031 770 lapsum
1047 692 1080 756 de

326 776 477 850 creviffe,
501 792 603 836 ornnes
626 771 988 850 perCHRISTUM
1010 773 1083 838 stim
1141 807 1150 846 ι

326 861 446 933 facere,
468 855 623 922 srcredant
640 853 978 920 inCHRlSTUM
997 878 1007 933 ς
1026 859 1082 922 ati
1142 891 1150 932 ι

326 944 396 1007 dem
408 960 472 1002 non
483 939 620 1002 omnibus
635 939 705 1001 dare
717 937 887 1002 decrevisse
898 939 1037 1003 dimutto
1045 941 1082 1005 du·
1144 974 1150 1014 ι

324 1025 398 1106 plici
418 1025 559 1100 decreto,
581 1019 674 1084 altero
685 1020 888 1099 particulari,
914 1025 948 1086 dt
972 1023 1083 1089 absoluto
1145 1023 1150 1088 l

326 1107 419 1173 dandi
436 1106 526 1169 iidem
547 1127 557 1180 3
582 1103 675 1167 altero
696 1103 876 1180 universali,
903 1108 937 1168 dc
957 1109 1083 1171 conditio

325 1205 415 1254 nato:
433 1209 519 1268 quam
537 1188 576 1251 ob
597 1207 660 1250 rem
678 1185 895 1250 Universalistae
914 1187 1084 1268 hypodretici

326 1287 493 1349 vocantur,
515 1271 552 1334 ab
564 1269 772 1334 Universalistis
782 1269 934 1334 absolutis
951 1273 1081 1337 distincti:

326 1354 429 1437 quales
458 1375 496 1418 an
524 1355 612 1416 etiam
635 1354 713 1416 inter
739 1351 818 1431 ipsos
851 1354 1032 1420 Calviniiiat
1051 1378 1086 1421 rt·

326 1443 477 1522 periantur
497 1435 614 1512 nescio,
639 1437 691 1514 qui
705 1435 862 1500 universali
879 1439 984 1516 gratia
1004 1442 1085 1519 agnita
1101 1449 1112 1474 ’-

327 1526 433 1588 dicunt
449 1568 460 1598 ,
477 1540 544 1584 cum
559 1521 585 1582 D
597 1519 620 1582 E
632 1519 656 1580 U
668 1521 687 1582 S
699 1519 870 1598 praeviderit
881 1520 1027 1586 homines
1045 1544 1085 1586 vo-

328 1606 439 1672 cationi
463 1602 518 1668 suae
541 1602 688 1666 restitutor
709 1600 746 1665 ad
764 1622 860 1666 unum
881 1604 951 1667 fere
974 1625 1085 1682 omnes,

329 1689 429 1755 deeris
441 1686 541 1750 saltem
550 1683 699 1750 destinaii'e
709 1685 854 1766 gratiam,
867 1707 933 1765 qua
941 1687 1085 1756 salventur.

377 1802 464 1882 Angli
474 1803 592 1881 quidem
602 1805 690 1866 etiam
701 1802 745 1878 aJ
755 1802 812 1866 tc
823 1804 887 1866 OB
898 1805 930 1867 Ο
940 1817 1024 1886 rege,
1039 1804 1088 1866 ae

329 1885 554 1952 monstrantibus
564 1888 726 1965 iniquiore,
747 1886 864 1948 &inter
879 1887 1088 1966 rigidiorerad·

330 1969 418 2034 veriae
438 1969 528 2049 partis
548 1970 696 2043 fautores,
726 1968 763 2031 ab
773 1971 899 2033 ineunte
915 1972 1088 2034 aetateirmu-

330 2056 424 2126 trito,
439 2051 512 2113 miisr
525 2054 562 2115 ad
572 2052 715 2132 synodum
724 2052 973 2129 Dordracenam,
999 2056 1026 2116 ei
1035 2052 1088 2115 sun

330 2136 502 2215 scripserunt
522 2157 531 2210 ;
554 2149 584 2197 at
595 2136 694 2214 postea
707 2155 802 2197 rerum
820 2136 900 2198 facie
920 2139 1087 2208 immutata,

331 2241 400 2299 rege
416 2219 589 2281 Arminianis
610 2218 738 2297 propitio
761 2219 883 2282 reddito
901 2221 935 2283 in
956 2219 1015 2284 alia
1035 2240 1088 2281 om

277 2340 280 2345 -
331 2307 381 2365 nia
392 2303 545 2365 abierunt:
568 2303 651 2365 unde
673 2301 827 2364 discrimen
841 2316 965 2366 enatum
989 2305 1089 2366 Purita-

331 2405 438 2449 norum
459 2383 612 2458 civilium,
636 2382 918 2462 eccleiiasticorum,
944 2390 973 2450 δι
991 2387 1090 2449 doctri·

331 2468 450 2533 nalium.
493 2468 580 2530 Primi
590 2468 741 2531 arbitrario
750 2470 828 2545 regis
839 2469 970 2547 imperio
984 2468 1089 2532 adversi

331 2553 390 2616 huc
405 2552 648 2629 nortpertinent3
671 2548 974 2613 aiteriCnnvrrrr
990 2553 1088 2615 doetri-

331 2656 400 2697 nam
415 2633 593 2712 adoptabant
612 2655 622 2708 ;
644 2634 723 2696 tertii
738 2653 808 2695 non.
855 2633 914 2696 dlii
926 2637 1019 2698 etiam
1032 2637 1088 2714 rigi-
1115 2686 1118 2695 .

332 2719 456 2792 diores(
470 2717 606 2797 Torrys)
628 2716 678 2778 alii
702 2716 916 2780 moderatiores
942 2718 1086 2796 (Whigs)
1115 2710 1120 2785 i

331 2800 397 2862 sunt
416 2799 509 2873 dieti,
532 2799 581 2861 sed
593 2802 707 2862 ratione
726 2799 813 2863 status
831 2820 898 2861 non
923 2800 1086 2881 religionis,

332 2882 448 2960 hucque
460 2901 522 2943 non
532 2882 668 2961 spectant

379 2965 614 3029 Catonius
642 2964 898 3040 PAJONIUS
925 2988 967 3029 ex
994 2986 1087 3031 eorum

332 3067 454 3111 numero
465 3047 524 3121 est,
541 3049 590 3125 qui
603 3068 639 3110 ex
652 3049 747 3125 rigore
760 3046 988 3113 calvinistarum
1009 3054 1042 3113 in
1056 3050 1089 3114 al·
1120 3018 1124 3123 i

333 3146 429 3194 terum
443 3143 609 3193 extremum
632 3131 699 3193 sunt
716 3129 840 3209 prolapfi
857 3136 939 3196 circa
953 3137 1088 3211 gratiam,

333 3233 420 3292 quam
430 3214 548 3292 quidem
560 3213 753 3287 admittebat,
775 3212 825 3274 sed
837 3219 1045 3292 operationem
1061 3216 1090 3277 il·

332 3295 389 3360 lius
410 3295 550 3362 moralem
568 3297 810 3358 tantumstntuit:
834 3313 983 3374 quatenus
1008 3301 1090 3378 Spiri-

332 3393 380 3444 tus
390 3381 419 3442 S.
440 3399 500 3441 non
511 3380 698 3453 immediate,
713 3382 741 3440 dc
757 3374 1017 3456 supernaturaliter
1027 3402 1090 3460 ope·

332 3477 413 3525 retur
421 3464 452 3522 in
462 3463 577 3535 anima,
599 3461 649 3524 sed
659 3463 804 3534 mediate,
822 3465 850 3523 &
862 3463 1015 3539 objeoive
1033 3480 1090 3527 tan·

332 3558 395 3608 turn
409 3544 664 3622 promissionibus,
679 3543 856 3618 terroribus,
881 3548 1030 3628 exemplis
1038 3551 1087 3611 &a
1119 3472 1146 3835 [

282 549 361 627 404
468 547 527 604 DE
549 541 794 602 nocturna
818 543 918 607 MC·
1075 301 1104 808 x
1145 607 1150 622 ,

331 3628 438 3706 quibus
461 3641 541 3690 mota
552 3647 633 3688 mens
654 3628 864 3689 determinetur
876 3626 982 3706 suapte
995 3648 1090 3694 natura

271 3766 275 3775 .
335 3711 377 3778 ad
391 3710 508 3776 bonum
518 3756 529 3788 ,
538 3731 603 3789 uua
611 3710 878 3786 onuirteeomuota
891 3711 975 3776 nand
989 3715 1032 3837 [ἒξ

1041 3812 1070 3836 (ἱ.
