<?xml version="1.0" encoding="UTF-8"?>
<!DOCTYPE html PUBLIC "-//W3C//DTD XHTML 1.0 Transitional//EN"
    "http://www.w3.org/TR/xhtml1/DTD/xhtml1-transitional.dtd">
<html xmlns="http://www.w3.org/1999/xhtml" xml:lang="en" lang="en">
 <head>
  <title>
</title>
<meta http-equiv="Content-Type" content="text/html;charset=utf-8" />
  <meta name='ocr-system' content='tesseract 3.04.00' />
  <meta name='ocr-capabilities' content='ocr_page ocr_carea ocr_par ocr_line ocrx_word'/>
</head>
<body>
  <div class='ocr_page' id='page_1' title='image "./principiatheolo00gerbgoog/principiatheolo00gerbgoog_0024.png"; bbox 0 0 2475 4450; ppageno 0'>
   <div class='ocr_carea' id='block_1_1' title="bbox 330 509 964 572">
    <p class='ocr_par' dir='ltr' id='par_1_1' title="bbox 330 509 964 572">
     <span class='ocr_line' id='line_1_1' title="bbox 330 509 964 572; baseline 0.005 -4"><span class='ocrx_word' id='word_1_1' title='bbox 330 509 358 568; x_wconf 80' lang='lat'>2</span> <span class='ocrx_word' id='word_1_2' title='bbox 472 510 527 570; x_wconf 76' lang='lat' dir='ltr'>DE</span> <span class='ocrx_word' id='word_1_3' title='bbox 571 509 829 572; x_wconf 72' lang='lat' dir='ltr'>potralata</span> <span class='ocrx_word' id='word_1_4' title='bbox 867 512 964 572; x_wconf 57' lang='lat' dir='ltr'>snos</span> 
     </span>
    </p>
   </div>
   <div class='ocr_carea' id='block_1_2' title="bbox 332 625 1138 883">
    <p class='ocr_par' dir='ltr' id='par_1_2' title="bbox 332 625 1138 883">
     <span class='ocr_line' id='line_1_2' title="bbox 332 625 1138 762; baseline 0.004 -18"><span class='ocrx_word' id='word_1_5' title='bbox 332 625 494 755; x_wconf 66' lang='lat' dir='ltr'>nelo,</span> <span class='ocrx_word' id='word_1_6' title='bbox 514 655 584 742; x_wconf 90' lang='lat' dir='ltr'>seu</span> <span class='ocrx_word' id='word_1_7' title='bbox 607 655 787 744; x_wconf 87' lang='lat' dir='ltr'>studium</span> <span class='ocrx_word' id='word_1_8' title='bbox 808 657 937 745; x_wconf 89' lang='lat' dir='ltr'>DEO</span> <span class='ocrx_word' id='word_1_9' title='bbox 962 656 1138 762; x_wconf 79' lang='lat' dir='ltr'>cultum,</span> 
     </span>
     <span class='ocr_line' id='line_1_3' title="bbox 332 768 1132 883; baseline -0.008 -21"><span class='ocrx_word' id='word_1_10' title='bbox 332 776 379 862; x_wconf 80' lang='lat' dir='ltr'>dc</span> <span class='ocrx_word' id='word_1_11' title='bbox 394 768 597 858; x_wconf 88' lang='lat' dir='ltr'>honorem</span> <span class='ocrx_word' id='word_1_12' title='bbox 612 769 798 857; x_wconf 89' lang='lat' dir='ltr'>debitum</span> <span class='ocrx_word' id='word_1_13' title='bbox 819 769 1044 883; x_wconf 83' lang='lat' dir='ltr'>praestandi.</span> <span class='ocrx_word' id='word_1_14' title='bbox 1110 853 1132 875; x_wconf 68' lang='lat'><strong><em>„</em></strong></span> 
     </span>
    </p>
   </div>
   <div class='ocr_carea' id='block_1_3' title="bbox 145 963 1144 3703">
    <p class='ocr_par' dir='ltr' id='par_1_3' title="bbox 145 963 1144 3690">
     <span class='ocr_line' id='line_1_4' title="bbox 147 963 1133 1049; baseline 0.001 -17"><span class='ocrx_word' id='word_1_15' title='bbox 147 963 279 1049; x_wconf 79' lang='lat' dir='ltr'>institut.</span> <span class='ocrx_word' id='word_1_16' title='bbox 416 971 484 1031; x_wconf 85' lang='lat' dir='ltr'>Hac</span> <span class='ocrx_word' id='word_1_17' title='bbox 516 970 623 1043; x_wconf 87' lang='lat' dir='ltr'>enim,</span> <span class='ocrx_word' id='word_1_18' title='bbox 651 969 748 1045; x_wconf 80' lang='lat' dir='ltr'>inquit</span> <span class='ocrx_word' id='word_1_19' title='bbox 784 965 1133 1045; x_wconf 81' lang='lat' dir='ltr'>anTnNTws,</span> 
     </span>
     <span class='ocr_line' id='line_1_5' title="bbox 149 1048 1137 1130; baseline -0.001 -16"><span class='ocrx_word' id='word_1_20' title='bbox 149 1054 253 1114; x_wconf 78' lang='lat' dir='ltr'><strong><em>LIV.</em></strong></span> <span class='ocrx_word' id='word_1_21' title='bbox 266 1048 303 1109; x_wconf 81' lang='lat' dir='ltr'>de</span> <span class='ocrx_word' id='word_1_22' title='bbox 375 1054 542 1116; x_wconf 78' lang='lat' dir='ltr'>conditione</span> <span class='ocrx_word' id='word_1_23' title='bbox 560 1054 731 1130; x_wconf 83' lang='lat' dir='ltr'><strong><em>gignimur,</em></strong></span> <span class='ocrx_word' id='word_1_24' title='bbox 751 1062 787 1110; x_wconf 83' lang='lat' dir='ltr'>ur</span> <span class='ocrx_word' id='word_1_25' title='bbox 792 1053 948 1130; x_wconf 76' lang='lat' dir='ltr'>generante</span> <span class='ocrx_word' id='word_1_26' title='bbox 958 1071 1013 1114; x_wconf 83' lang='lat' dir='ltr'>nos</span> <span class='ocrx_word' id='word_1_27' title='bbox 1029 1056 1137 1118; x_wconf 85' lang='grc' dir='ltr'>1)Εο</span> 
     </span>
     <span class='ocr_line' id='line_1_6' title="bbox 147 1127 1144 1227; baseline 0 -32"><span class='ocrx_word' id='word_1_28' title='bbox 147 1127 273 1212; x_wconf 78' lang='lat' dir='ltr'>verosa·</span> <span class='ocrx_word' id='word_1_29' title='bbox 370 1134 469 1214; x_wconf 73' lang='lat' dir='ltr'>justa,</span> <span class='ocrx_word' id='word_1_30' title='bbox 501 1134 541 1208; x_wconf 56' lang='grc' dir='ltr'>ἓξ</span> <span class='ocrx_word' id='word_1_31' title='bbox 563 1138 664 1196; x_wconf 81' lang='lat' dir='ltr'>debita</span> <span class='ocrx_word' id='word_1_32' title='bbox 687 1130 818 1227; x_wconf 82' lang='lat' dir='ltr'>obsequia</span> <span class='ocrx_word' id='word_1_33' title='bbox 833 1136 1031 1210; x_wconf 76' lang='lat' dir='ltr'>praeheamns,</span> <span class='ocrx_word' id='word_1_34' title='bbox 1056 1136 1144 1195; x_wconf 77' lang='lat' dir='ltr'>hune·</span> 
     </span>
     <span class='ocr_line' id='line_1_7' title="bbox 145 1213 1136 1299; baseline 0.002 -24"><span class='ocrx_word' id='word_1_35' title='bbox 145 1217 269 1294; x_wconf 77' lang='lat' dir='ltr'>pientia.</span> <span class='ocrx_word' id='word_1_36' title='bbox 364 1213 464 1299; x_wconf 76' lang='lat' dir='ltr'>fhlum</span> <span class='ocrx_word' id='word_1_37' title='bbox 473 1222 662 1289; x_wconf 81' lang='lat' dir='ltr'><strong><em>noverimus,</em></strong></span> <span class='ocrx_word' id='word_1_38' title='bbox 686 1219 766 1277; x_wconf 88' lang='lat' dir='ltr'>hunc</span> <span class='ocrx_word' id='word_1_39' title='bbox 774 1213 944 1297; x_wconf 58' lang='lat' dir='ltr'>liquamen.</span> <span class='ocrx_word' id='word_1_40' title='bbox 992 1220 1136 1279; x_wconf 84' lang='lat' dir='ltr'>Hocvin·</span> 
     </span>
     <span class='ocr_line' id='line_1_8' title="bbox 149 1296 1140 1442; baseline -0.002 -79"><span class='ocrx_word' id='word_1_41' title='bbox 149 1317 174 1363; x_wconf 74' lang='lat' dir='ltr'>c</span> <span class='ocrx_word' id='word_1_42' title='bbox 195 1308 246 1371; x_wconf 79' lang='lat'>28·</span> <span class='ocrx_word' id='word_1_43' title='bbox 375 1304 440 1362; x_wconf 89' lang='lat' dir='ltr'>culo</span> <span class='ocrx_word' id='word_1_44' title='bbox 457 1304 591 1442; x_wconf 67' lang='lat' dir='ltr'>pietatisl</span> <span class='ocrx_word' id='word_1_45' title='bbox 599 1298 744 1380; x_wconf 72' lang='lat' dir='ltr'>obstriisi,</span> <span class='ocrx_word' id='word_1_46' title='bbox 767 1302 871 1363; x_wconf 86' lang='grc' dir='ltr'>1)Εο</span> <span class='ocrx_word' id='word_1_47' title='bbox 893 1296 1140 1379; x_wconf 71' lang='lat' dir='ltr'>religatissimas,</span> 
     </span>
     <span class='ocr_line' id='line_1_9' title="bbox 375 1380 1138 1465; baseline -0.001 -19"><span class='ocrx_word' id='word_1_48' title='bbox 375 1388 455 1446; x_wconf 73' lang='lat' dir='ltr'>mede</span> <span class='ocrx_word' id='word_1_49' title='bbox 466 1381 525 1465; x_wconf 80' lang='lat' dir='ltr'>ipfia</span> <span class='ocrx_word' id='word_1_50' title='bbox 546 1386 645 1461; x_wconf 84' lang='lat' dir='ltr'>religio</span> <span class='ocrx_word' id='word_1_51' title='bbox 662 1404 768 1444; x_wconf 86' lang='lat' dir='ltr'>nomen</span> <span class='ocrx_word' id='word_1_52' title='bbox 782 1386 899 1459; x_wconf 81' lang='lat' dir='ltr'>accepit.</span> <span class='ocrx_word' id='word_1_53' title='bbox 943 1380 1068 1444; x_wconf 84' lang='lat' dir='ltr'>Adhuc</span> <span class='ocrx_word' id='word_1_54' title='bbox 1087 1404 1138 1445; x_wconf 85' lang='lat' dir='ltr'>au-</span> 
     </span>
     <span class='ocr_line' id='line_1_10' title="bbox 376 1464 1137 1545; baseline -0.004 -15"><span class='ocrx_word' id='word_1_55' title='bbox 376 1477 439 1530; x_wconf 78' lang='lat' dir='ltr'>tem</span> <span class='ocrx_word' id='word_1_56' title='bbox 471 1465 665 1545; x_wconf 87' lang='lat' dir='ltr'>praestandunr</span> <span class='ocrx_word' id='word_1_57' title='bbox 688 1484 823 1528; x_wconf 84' lang='lat' dir='ltr'>aterum</span> <span class='ocrx_word' id='word_1_58' title='bbox 856 1464 1009 1526; x_wconf 87' lang='lat' dir='ltr'>conditore</span> <span class='ocrx_word' id='word_1_59' title='bbox 1043 1465 1137 1529; x_wconf 87' lang='lat' dir='ltr'>facul·</span> 
     </span>
     <span class='ocr_line' id='line_1_11' title="bbox 374 1547 1141 1627; baseline -0.004 -13"><span class='ocrx_word' id='word_1_60' title='bbox 374 1548 485 1614; x_wconf 84' lang='lat' dir='ltr'>tatibus</span> <span class='ocrx_word' id='word_1_61' title='bbox 533 1547 712 1611; x_wconf 87' lang='lat' dir='ltr'>naturalibus</span> <span class='ocrx_word' id='word_1_62' title='bbox 761 1547 891 1609; x_wconf 66' lang='lat' dir='ltr'>instructi</span> <span class='ocrx_word' id='word_1_63' title='bbox 937 1547 1032 1610; x_wconf 87' lang='lat' dir='ltr'>sumus</span> <span class='ocrx_word' id='word_1_64' title='bbox 1078 1563 1141 1627; x_wconf 79' lang='lat' dir='ltr'>prae</span> 
     </span>
     <span class='ocr_line' id='line_1_12' title="bbox 374 1629 1138 1709; baseline -0.001 -14"><span class='ocrx_word' id='word_1_65' title='bbox 374 1633 487 1698; x_wconf 85' lang='lat' dir='ltr'>caeteris</span> <span class='ocrx_word' id='word_1_66' title='bbox 526 1629 667 1696; x_wconf 86' lang='lat' dir='ltr'>creaturis</span> <span class='ocrx_word' id='word_1_67' title='bbox 701 1630 945 1693; x_wconf 85' lang='lat' dir='ltr'>irrationalibus:</span> <span class='ocrx_word' id='word_1_68' title='bbox 989 1651 1053 1709; x_wconf 89' lang='lat' dir='ltr'>quae</span> <span class='ocrx_word' id='word_1_69' title='bbox 1091 1630 1138 1694; x_wconf 84' lang='lat' dir='ltr'>ta·</span> 
     </span>
     <span class='ocr_line' id='line_1_13' title="bbox 377 1705 1141 1793; baseline -0.001 -16"><span class='ocrx_word' id='word_1_70' title='bbox 377 1735 449 1787; x_wconf 79' lang='lat' dir='ltr'>men</span> <span class='ocrx_word' id='word_1_71' title='bbox 463 1715 548 1793; x_wconf 87' lang='lat' dir='ltr'>ipsae&#39;</span> <span class='ocrx_word' id='word_1_72' title='bbox 539 1735 571 1776; x_wconf 89' lang='lat' dir='ltr'>m</span> <span class='ocrx_word' id='word_1_73' title='bbox 580 1735 647 1777; x_wconf 90' lang='lat' dir='ltr'>eum</span> <span class='ocrx_word' id='word_1_74' title='bbox 659 1713 748 1777; x_wconf 88' lang='lat' dir='ltr'>finem</span> <span class='ocrx_word' id='word_1_75' title='bbox 760 1714 824 1776; x_wconf 90' lang='lat' dir='ltr'>sunt</span> <span class='ocrx_word' id='word_1_76' title='bbox 839 1713 988 1789; x_wconf 85' lang='lat' dir='ltr'>conditae,</span> <span class='ocrx_word' id='word_1_77' title='bbox 1004 1727 1039 1777; x_wconf 92' lang='lat' dir='ltr'>ut</span> <span class='ocrx_word' id='word_1_78' title='bbox 1047 1705 1141 1776; x_wconf 90' lang='lat' dir='ltr'>homo</span> 
     </span>
     <span class='ocr_line' id='line_1_14' title="bbox 379 1786 1140 1876; baseline 0 -16"><span class='ocrx_word' id='word_1_79' title='bbox 379 1818 480 1861; x_wconf 87' lang='lat' dir='ltr'>earum</span> <span class='ocrx_word' id='word_1_80' title='bbox 503 1796 781 1876; x_wconf 81' lang='lat' dir='ltr'>contemplatione,</span> <span class='ocrx_word' id='word_1_81' title='bbox 810 1817 845 1860; x_wconf 92' lang='lat' dir='ltr'>ac</span> <span class='ocrx_word' id='word_1_82' title='bbox 874 1796 925 1860; x_wconf 88' lang='lat' dir='ltr'>usu</span> <span class='ocrx_word' id='word_1_83' title='bbox 946 1798 1066 1872; x_wconf 88' lang='lat' dir='ltr'>etiam,</span> <span class='ocrx_word' id='word_1_84' title='bbox 1094 1786 1140 1860; x_wconf 84' lang='lat' dir='ltr'>ad</span> 
     </span>
     <span class='ocr_line' id='line_1_15' title="bbox 373 1843 1140 1959; baseline 0 -16"><span class='ocrx_word' id='word_1_85' title='bbox 373 1880 404 1943; x_wconf 87' lang='lat' dir='ltr'>D</span> <span class='ocrx_word' id='word_1_86' title='bbox 414 1880 521 1944; x_wconf 84' lang='lat' dir='ltr'>EUM</span> <span class='ocrx_word' id='word_1_87' title='bbox 531 1893 693 1943; x_wconf 84' lang='lat' dir='ltr'>creatorem</span> <span class='ocrx_word' id='word_1_88' title='bbox 705 1879 847 1959; x_wconf 81' lang='lat' dir='ltr'>assurgat3</span> <span class='ocrx_word' id='word_1_89' title='bbox 868 1899 935 1942; x_wconf 90' lang='lat' dir='ltr'>eum</span> <span class='ocrx_word' id='word_1_90' title='bbox 943 1843 1077 1944; x_wconf 83' lang='lat' dir='ltr'>laudibus</span> <span class='ocrx_word' id='word_1_91' title='bbox 1091 1899 1140 1943; x_wconf 87' lang='lat' dir='ltr'>ce-</span> 
     </span>
     <span class='ocr_line' id='line_1_16' title="bbox 375 1961 1140 2042; baseline 0.003 -17"><span class='ocrx_word' id='word_1_92' title='bbox 375 1962 490 2037; x_wconf 91' lang='lat' dir='ltr'>lebret,</span> <span class='ocrx_word' id='word_1_93' title='bbox 524 1978 695 2042; x_wconf 87' lang='lat' dir='ltr'>gratumque</span> <span class='ocrx_word' id='word_1_94' title='bbox 716 1964 763 2040; x_wconf 91' lang='lat' dir='ltr'>se,</span> <span class='ocrx_word' id='word_1_95' title='bbox 785 1963 976 2028; x_wconf 84' lang='lat' dir='ltr'>&amp;devotum</span> <span class='ocrx_word' id='word_1_96' title='bbox 998 1961 1140 2027; x_wconf 81' lang='lat' dir='ltr'>exhibeat</span> 
     </span>
     <span class='ocr_line' id='line_1_17' title="bbox 374 2045 1140 2125; baseline 0.003 -18"><span class='ocrx_word' id='word_1_97' title='bbox 374 2066 430 2125; x_wconf 89' lang='lat' dir='ltr'>pro</span> <span class='ocrx_word' id='word_1_98' title='bbox 449 2045 623 2110; x_wconf 87' lang='lat' dir='ltr'>utilitatibus</span> <span class='ocrx_word' id='word_1_99' title='bbox 632 2047 793 2123; x_wconf 87' lang='lat' dir='ltr'>maximis,</span> <span class='ocrx_word' id='word_1_100' title='bbox 816 2066 916 2124; x_wconf 90' lang='lat' dir='ltr'>quasa</span> <span class='ocrx_word' id='word_1_101' title='bbox 935 2048 1047 2109; x_wconf 87' lang='lat' dir='ltr'>caeteris</span> <span class='ocrx_word' id='word_1_102' title='bbox 1058 2065 1140 2109; x_wconf 86' lang='lat' dir='ltr'>crea·</span> 
     </span>
     <span class='ocr_line' id='line_1_18' title="bbox 375 2128 1139 2209; baseline -0.001 -17"><span class='ocrx_word' id='word_1_103' title='bbox 375 2131 449 2192; x_wconf 91' lang='lat' dir='ltr'>turis</span> <span class='ocrx_word' id='word_1_104' title='bbox 468 2131 613 2209; x_wconf 89' lang='lat' dir='ltr'>percipit:</span> <span class='ocrx_word' id='word_1_105' title='bbox 647 2150 712 2209; x_wconf 89' lang='lat' dir='ltr'>quae</span> <span class='ocrx_word' id='word_1_106' title='bbox 723 2142 812 2194; x_wconf 87' lang='lat' dir='ltr'>tantae</span> <span class='ocrx_word' id='word_1_107' title='bbox 831 2128 917 2205; x_wconf 92' lang='lat' dir='ltr'>sunt,</span> <span class='ocrx_word' id='word_1_108' title='bbox 939 2142 972 2194; x_wconf 90' lang='lat' dir='ltr'>ut</span> <span class='ocrx_word' id='word_1_109' title='bbox 990 2129 1068 2192; x_wconf 88' lang='lat' dir='ltr'>stulti</span> <span class='ocrx_word' id='word_1_110' title='bbox 1083 2129 1139 2191; x_wconf 89' lang='lat' dir='ltr'>ho·</span> 
     </span>
     <span class='ocr_line' id='line_1_19' title="bbox 375 2212 1143 2294; baseline 0.003 -19"><span class='ocrx_word' id='word_1_111' title='bbox 375 2215 471 2276; x_wconf 88' lang='lat' dir='ltr'>mines</span> <span class='ocrx_word' id='word_1_112' title='bbox 495 2212 626 2291; x_wconf 90' lang='lat' dir='ltr'>cultum,</span> <span class='ocrx_word' id='word_1_113' title='bbox 653 2234 741 2294; x_wconf 89' lang='lat' dir='ltr'>quem</span> <span class='ocrx_word' id='word_1_114' title='bbox 762 2234 860 2278; x_wconf 90' lang='lat' dir='ltr'>rerum</span> <span class='ocrx_word' id='word_1_115' title='bbox 880 2214 993 2276; x_wconf 68' lang='lat' dir='ltr'>sudori</span> <span class='ocrx_word' id='word_1_116' title='bbox 1022 2215 1143 2292; x_wconf 76' lang='lat' dir='ltr'>impen·</span> 
     </span>
     <span class='ocr_line' id='line_1_20' title="bbox 376 2296 1057 2377; baseline -0.004 -16"><span class='ocrx_word' id='word_1_117' title='bbox 376 2296 447 2361; x_wconf 85' lang='lat' dir='ltr'>dere</span> <span class='ocrx_word' id='word_1_118' title='bbox 462 2297 645 2376; x_wconf 76' lang='lat' dir='ltr'>debuissent,</span> <span class='ocrx_word' id='word_1_119' title='bbox 671 2298 757 2362; x_wconf 86' lang='lat' dir='ltr'>rebus</span> <span class='ocrx_word' id='word_1_120' title='bbox 774 2298 841 2377; x_wconf 91' lang='lat' dir='ltr'>ipsrs</span> <span class='ocrx_word' id='word_1_121' title='bbox 864 2298 1057 2374; x_wconf 84' lang='lat' dir='ltr'>praestiterint.</span> 
     </span>
     <span class='ocr_line' id='line_1_21' title="bbox 418 2378 1140 2457; baseline -0.014 -13"><span class='ocrx_word' id='word_1_122' title='bbox 418 2380 497 2444; x_wconf 89' lang='lat' dir='ltr'>Hinc</span> <span class='ocrx_word' id='word_1_123' title='bbox 513 2380 627 2445; x_wconf 86' lang='lat' dir='ltr'>cultum</span> <span class='ocrx_word' id='word_1_124' title='bbox 646 2381 812 2454; x_wconf 88' lang='lat' dir='ltr'>idolorum,</span> <span class='ocrx_word' id='word_1_125' title='bbox 835 2398 870 2440; x_wconf 92' lang='lat' dir='ltr'>ac</span> <span class='ocrx_word' id='word_1_126' title='bbox 888 2378 1026 2439; x_wconf 89' lang='lat' dir='ltr'>astrorum</span> <span class='ocrx_word' id='word_1_127' title='bbox 1036 2381 1140 2457; x_wconf 88' lang='lat' dir='ltr'>impri.</span> 
     </span>
     <span class='ocr_line' id='line_1_22' title="bbox 376 2460 1140 2542; baseline -0.013 -16"><span class='ocrx_word' id='word_1_128' title='bbox 376 2464 452 2537; x_wconf 87' lang='lat' dir='ltr'>mis,</span> <span class='ocrx_word' id='word_1_129' title='bbox 474 2464 586 2527; x_wconf 90' lang='lat' dir='ltr'>dudum</span> <span class='ocrx_word' id='word_1_130' title='bbox 606 2460 1026 2535; x_wconf 78' lang='lat' dir='ltr'>EUSEBIUS&#39;advertit,</span> <span class='ocrx_word' id='word_1_131' title='bbox 1049 2464 1140 2542; x_wconf 90' lang='lat' dir='ltr'>origi.</span> 
     </span>
     <span class='ocr_line' id='line_1_23' title="bbox 262 2543 1139 2623; baseline -0.007 -16"><span class='ocrx_word' id='word_1_132' title='bbox 262 2573 276 2588; x_wconf 95' lang='lat'><strong>·</strong></span> <span class='ocrx_word' id='word_1_133' title='bbox 376 2565 446 2607; x_wconf 90' lang='lat' dir='ltr'>nem</span> <span class='ocrx_word' id='word_1_134' title='bbox 463 2544 542 2608; x_wconf 89' lang='lat' dir='ltr'>suam</span> <span class='ocrx_word' id='word_1_135' title='bbox 559 2544 697 2607; x_wconf 87' lang='lat' dir='ltr'>trahere:</span> <span class='ocrx_word' id='word_1_136' title='bbox 719 2544 819 2623; x_wconf 89' lang='lat' dir='ltr'>quod,</span> <span class='ocrx_word' id='word_1_137' title='bbox 844 2543 915 2606; x_wconf 90' lang='lat' dir='ltr'>dum</span> <span class='ocrx_word' id='word_1_138' title='bbox 933 2543 1028 2622; x_wconf 84' lang='lat' dir='ltr'>angeli</span> <span class='ocrx_word' id='word_1_139' title='bbox 1041 2543 1139 2608; x_wconf 88' lang='lat' dir='ltr'>homi.</span> 
     </span>
     <span class='ocr_line' id='line_1_24' title="bbox 184 2626 1139 2714; baseline -0.005 -24"><span class='ocrx_word' id='word_1_140' title='bbox 184 2703 190 2714; x_wconf 28' lang='grc' dir='ltr'>ι</span> <span class='ocrx_word' id='word_1_141' title='bbox 376 2648 448 2690; x_wconf 92' lang='lat' dir='ltr'>num</span> <span class='ocrx_word' id='word_1_142' title='bbox 468 2627 603 2691; x_wconf 80' lang='lat' dir='ltr'>custodiae</span> <span class='ocrx_word' id='word_1_143' title='bbox 624 2627 754 2700; x_wconf 68' lang='lat' dir='ltr'>addicti,</span> <span class='ocrx_word' id='word_1_144' title='bbox 788 2646 839 2689; x_wconf 90' lang='lat' dir='ltr'>eos</span> <span class='ocrx_word' id='word_1_145' title='bbox 858 2626 896 2688; x_wconf 92' lang='lat' dir='ltr'>ad</span> <span class='ocrx_word' id='word_1_146' title='bbox 914 2626 1053 2689; x_wconf 89' lang='lat' dir='ltr'>astrorum</span> <span class='ocrx_word' id='word_1_147' title='bbox 1067 2649 1139 2690; x_wconf 90' lang='lat' dir='ltr'>con.</span> 
     </span>
     <span class='ocr_line' id='line_1_25' title="bbox 277 2708 1139 2791; baseline -0.003 -16"><span class='ocrx_word' id='word_1_148' title='bbox 277 2745 285 2762; x_wconf 92' lang='lat'><strong>·</strong></span> <span class='ocrx_word' id='word_1_149' title='bbox 377 2710 601 2791; x_wconf 87' lang='lat' dir='ltr'>templationem</span> <span class='ocrx_word' id='word_1_150' title='bbox 622 2709 815 2787; x_wconf 72' lang='lat' dir='ltr'>excitassent,</span> <span class='ocrx_word' id='word_1_151' title='bbox 841 2721 874 2772; x_wconf 89' lang='lat' dir='ltr'>ut</span> <span class='ocrx_word' id='word_1_152' title='bbox 889 2708 1139 2789; x_wconf 10' lang='lat' dir='ltr'>exghisinfignio.</span> 
     </span>
     <span class='ocr_line' id='line_1_26' title="bbox 286 2792 1139 2872; baseline -0.011 -13"><span class='ocrx_word' id='word_1_153' title='bbox 286 2827 294 2844; x_wconf 94' lang='lat'><strong>·</strong></span> <span class='ocrx_word' id='word_1_154' title='bbox 376 2794 457 2858; x_wconf 86' lang='lat' dir='ltr'>ribus</span> <span class='ocrx_word' id='word_1_155' title='bbox 476 2806 587 2858; x_wconf 83' lang='lat' dir='ltr'>naturae</span> <span class='ocrx_word' id='word_1_156' title='bbox 605 2792 744 2872; x_wconf 87' lang='lat' dir='ltr'>operibus</span> <span class='ocrx_word' id='word_1_157' title='bbox 774 2794 1007 2871; x_wconf 85' lang='lat' dir='ltr'>magnitudinem</span> <span class='ocrx_word' id='word_1_158' title='bbox 1034 2795 1139 2857; x_wconf 90' lang='lat' dir='ltr'>condi.</span> 
     </span>
     <span class='ocr_line' id='line_1_27' title="bbox 377 2874 1139 2956; baseline 0 -15"><span class='ocrx_word' id='word_1_159' title='bbox 377 2879 451 2941; x_wconf 85' lang='lat' dir='ltr'>toris</span> <span class='ocrx_word' id='word_1_160' title='bbox 480 2876 688 2956; x_wconf 86' lang='lat' dir='ltr'>agnoscerent,</span> <span class='ocrx_word' id='word_1_161' title='bbox 719 2874 763 2938; x_wconf 92' lang='lat' dir='ltr'>illi</span> <span class='ocrx_word' id='word_1_162' title='bbox 784 2874 992 2939; x_wconf 87' lang='lat' dir='ltr'>excellentiam</span> <span class='ocrx_word' id='word_1_163' title='bbox 1017 2878 1139 2953; x_wconf 90' lang='lat' dir='ltr'>quidem</span> 
     </span>
     <span class='ocr_line' id='line_1_28' title="bbox 379 2957 1139 3038; baseline -0.001 -14"><span class='ocrx_word' id='word_1_164' title='bbox 379 2961 577 3036; x_wconf 83' lang='lat' dir='ltr'>adnrirantes,</span> <span class='ocrx_word' id='word_1_165' title='bbox 604 2959 691 3022; x_wconf 91' lang='lat' dir='ltr'>rebus</span> <span class='ocrx_word' id='word_1_166' title='bbox 715 2957 781 3038; x_wconf 88' lang='lat' dir='ltr'>ipsrs</span> <span class='ocrx_word' id='word_1_167' title='bbox 806 2958 916 3022; x_wconf 84' lang='lat' dir='ltr'>cultum</span> <span class='ocrx_word' id='word_1_168' title='bbox 930 2960 1064 3031; x_wconf 89' lang='lat' dir='ltr'>divinum</span> <span class='ocrx_word' id='word_1_169' title='bbox 1082 2961 1139 3023; x_wconf 72' lang='lat' dir='ltr'>im</span> 
     </span>
     <span class='ocr_line' id='line_1_29' title="bbox 377 3041 1138 3125; baseline 0 -19"><span class='ocrx_word' id='word_1_170' title='bbox 377 3044 544 3125; x_wconf 83' lang='lat' dir='ltr'>penderint</span> <span class='ocrx_word' id='word_1_171' title='bbox 587 3041 720 3120; x_wconf 85' lang='lat' dir='ltr'>Eousque</span> <span class='ocrx_word' id='word_1_172' title='bbox 745 3063 818 3105; x_wconf 88' lang='lat' dir='ltr'>vero</span> <span class='ocrx_word' id='word_1_173' title='bbox 840 3043 1058 3120; x_wconf 88' lang='lat' dir='ltr'>processerunt,</span> <span class='ocrx_word' id='word_1_174' title='bbox 1091 3057 1138 3122; x_wconf 82' lang='lat' dir='ltr'>ut,</span> 
     </span>
     <span class='ocr_line' id='line_1_30' title="bbox 378 3123 1144 3207; baseline -0.001 -17"><span class='ocrx_word' id='word_1_175' title='bbox 378 3127 600 3207; x_wconf 88' lang='lat' dir='ltr'>quibuscunque</span> <span class='ocrx_word' id='word_1_176' title='bbox 622 3144 661 3186; x_wconf 84' lang='lat' dir='ltr'>ex</span> <span class='ocrx_word' id='word_1_177' title='bbox 678 3126 763 3188; x_wconf 91' lang='lat' dir='ltr'>rebus</span> <span class='ocrx_word' id='word_1_178' title='bbox 784 3125 941 3188; x_wconf 85' lang='lat' dir='ltr'>utilitatem</span> <span class='ocrx_word' id='word_1_179' title='bbox 970 3123 1144 3205; x_wconf 66' lang='lat' dir='ltr'>sperabant,</span> 
     </span>
     <span class='ocr_line' id='line_1_31' title="bbox 378 3207 1132 3284; baseline -0.012 -9"><span class='ocrx_word' id='word_1_180' title='bbox 378 3223 429 3275; x_wconf 76' lang='lat' dir='ltr'>aut</span> <span class='ocrx_word' id='word_1_181' title='bbox 443 3211 583 3273; x_wconf 73' lang='lat' dir='ltr'>duranum</span> <span class='ocrx_word' id='word_1_182' title='bbox 600 3209 761 3284; x_wconf 90' lang='lat' dir='ltr'>timebant,</span> <span class='ocrx_word' id='word_1_183' title='bbox 781 3207 846 3271; x_wconf 88' lang='lat' dir='ltr'>illas</span> <span class='ocrx_word' id='word_1_184' title='bbox 864 3209 1004 3271; x_wconf 91' lang='lat' dir='ltr'>colerent.</span> <span class='ocrx_word' id='word_1_185' title='bbox 1126 3264 1132 3281; x_wconf 76' lang='grc'>,</span> 
     </span>
     <span class='ocr_line' id='line_1_32' title="bbox 375 3290 1144 3370; baseline -0.01 -13"><span class='ocrx_word' id='word_1_186' title='bbox 375 3310 379 3317; x_wconf 85' lang='grc'><em>·</em></span> <span class='ocrx_word' id='word_1_187' title='bbox 420 3291 470 3357; x_wconf 85' lang='lat' dir='ltr'>illi</span> <span class='ocrx_word' id='word_1_188' title='bbox 489 3296 607 3368; x_wconf 89' lang='lat' dir='ltr'>autem,</span> <span class='ocrx_word' id='word_1_189' title='bbox 627 3291 677 3370; x_wconf 91' lang='lat' dir='ltr'>qui</span> <span class='ocrx_word' id='word_1_190' title='bbox 692 3295 769 3354; x_wconf 75' lang='lat' dir='ltr'>redte</span> <span class='ocrx_word' id='word_1_191' title='bbox 791 3291 923 3370; x_wconf 88' lang='lat' dir='ltr'>sapiunt,</span> <span class='ocrx_word' id='word_1_192' title='bbox 951 3291 1016 3354; x_wconf 89' lang='lat' dir='ltr'>satis</span> <span class='ocrx_word' id='word_1_193' title='bbox 1030 3290 1144 3357; x_wconf 86' lang='lat' dir='ltr'>intelli.</span> 
     </span>
     <span class='ocr_line' id='line_1_33' title="bbox 379 3375 1144 3457; baseline 0.001 -18"><span class='ocrx_word' id='word_1_194' title='bbox 379 3389 472 3457; x_wconf 85' lang='lat' dir='ltr'>gunt,</span> <span class='ocrx_word' id='word_1_195' title='bbox 503 3395 541 3439; x_wconf 84' lang='lat' dir='ltr'>ex</span> <span class='ocrx_word' id='word_1_196' title='bbox 562 3376 692 3438; x_wconf 89' lang='lat' dir='ltr'>minimis</span> <span class='ocrx_word' id='word_1_197' title='bbox 726 3394 806 3454; x_wconf 91' lang='lat' dir='ltr'>aeque</span> <span class='ocrx_word' id='word_1_198' title='bbox 828 3395 863 3437; x_wconf 89' lang='lat' dir='ltr'>ac</span> <span class='ocrx_word' id='word_1_199' title='bbox 891 3375 1027 3436; x_wconf 83' lang='lat' dir='ltr'>maximis</span> <span class='ocrx_word' id='word_1_200' title='bbox 1050 3375 1144 3439; x_wconf 76' lang='lat' dir='ltr'>rebufl</span> 
     </span>
     <span class='ocr_line' id='line_1_34' title="bbox 277 3457 1144 3538; baseline -0.002 -19"><span class='ocrx_word' id='word_1_201' title='bbox 277 3508 281 3519; x_wconf 94' lang='lat'>.</span> <span class='ocrx_word' id='word_1_202' title='bbox 376 3460 549 3538; x_wconf 85' lang='lat' dir='ltr'>sapientiam</span> <span class='ocrx_word' id='word_1_203' title='bbox 579 3459 742 3521; x_wconf 89' lang='lat' dir='ltr'>conditoris</span> <span class='ocrx_word' id='word_1_204' title='bbox 770 3457 904 3532; x_wconf 89' lang='lat' dir='ltr'>elucere,</span> <span class='ocrx_word' id='word_1_205' title='bbox 939 3476 974 3519; x_wconf 93' lang='lat' dir='ltr'>ac</span> <span class='ocrx_word' id='word_1_206' title='bbox 1005 3457 1144 3537; x_wconf 72' lang='lat' dir='ltr'>undique</span> 
     </span>
     <span class='ocr_line' id='line_1_35' title="bbox 377 3538 1144 3619; baseline -0.005 -12"><span class='ocrx_word' id='word_1_207' title='bbox 377 3543 476 3608; x_wconf 88' lang='lat' dir='ltr'>radios</span> <span class='ocrx_word' id='word_1_208' title='bbox 492 3543 655 3606; x_wconf 87' lang='lat' dir='ltr'>divinitatis</span> <span class='ocrx_word' id='word_1_209' title='bbox 677 3561 715 3603; x_wconf 83' lang='lat' dir='ltr'>ex</span> <span class='ocrx_word' id='word_1_210' title='bbox 734 3538 871 3619; x_wconf 88' lang='lat' dir='ltr'>operibus</span> <span class='ocrx_word' id='word_1_211' title='bbox 882 3551 1013 3614; x_wconf 90' lang='lat' dir='ltr'>naturae</span> <span class='ocrx_word' id='word_1_212' title='bbox 1031 3541 1144 3618; x_wconf 88' lang='lat' dir='ltr'>&amp;pro-</span> 
     </span>
     <span class='ocr_line' id='line_1_36' title="bbox 377 3621 1144 3703; baseline -0.001 -13"><span class='ocrx_word' id='word_1_213' title='bbox 377 3626 517 3690; x_wconf 82' lang='lat' dir='ltr'>videntiae</span> <span class='ocrx_word' id='word_1_214' title='bbox 539 3628 673 3689; x_wconf 88' lang='lat' dir='ltr'>emicare.</span> <span class='ocrx_word' id='word_1_215' title='bbox 715 3623 772 3686; x_wconf 90' lang='lat' dir='ltr'>Etsr</span> <span class='ocrx_word' id='word_1_216' title='bbox 786 3623 874 3685; x_wconf 89' lang='lat' dir='ltr'>etiam</span> <span class='ocrx_word' id='word_1_217' title='bbox 894 3622 989 3699; x_wconf 81' lang='lat' dir='ltr'>firres,</span> <span class='ocrx_word' id='word_1_218' title='bbox 1014 3621 1144 3703; x_wconf 70' lang='lat' dir='ltr'>ususque</span> 
     </span>
    </p>
   </div>
   <div class='ocr_carea' id='block_1_4' title="bbox 377 3705 1144 3869">
    <p class='ocr_par' dir='ltr' id='par_1_4' title="bbox 377 3705 1144 3869">
     <span class='ocr_line' id='line_1_37' title="bbox 377 3705 1144 3792; baseline -0.016 -15"><span class='ocrx_word' id='word_1_219' title='bbox 377 3728 477 3784; x_wconf 80' lang='lat' dir='ltr'>terum</span> <span class='ocrx_word' id='word_1_220' title='bbox 494 3709 669 3792; x_wconf 72' lang='lat' dir='ltr'>smgularum</span> <span class='ocrx_word' id='word_1_221' title='bbox 682 3725 745 3777; x_wconf 73' lang='lat' dir='ltr'>non</span> <span class='ocrx_word' id='word_1_222' title='bbox 762 3705 876 3784; x_wconf 80' lang='lat' dir='ltr'>sciunt3</span> <span class='ocrx_word' id='word_1_223' title='bbox 899 3725 939 3770; x_wconf 78' lang='lat' dir='ltr'>en</span> <span class='ocrx_word' id='word_1_224' title='bbox 956 3705 1015 3773; x_wconf 90' lang='lat' dir='ltr'>illis</span> <span class='ocrx_word' id='word_1_225' title='bbox 1025 3717 1144 3781; x_wconf 70' lang='lat' dir='ltr'>tamem,</span> 
     </span>
     <span class='ocr_line' id='line_1_38' title="bbox 1029 3805 1097 3869; baseline 0.029 -17"><span class='ocrx_word' id='word_1_226' title='bbox 1029 3805 1097 3869; x_wconf 84' lang='lat' dir='ltr'>quae</span> 
     </span>
    </p>
   </div>
   <div class='ocr_carea' id='block_1_5' title="bbox 0 0 1246 4450">
    <p class='ocr_par' dir='ltr' id='par_1_5' title="bbox 0 0 1246 4450">
     <span class='ocr_line' id='line_1_39' title="bbox 0 0 1246 4450; baseline 0 0"><span class='ocrx_word' id='word_1_227' title='bbox 0 0 1246 4450; x_wconf 95' lang='lat' dir='ltr'> </span> 
     </span>
    </p>
   </div>
  </div>
 </body>
</html>
