2475 4450
377 305 509 332 ..1.1---η
897 305 971 348 ἢκ

400 343 410 356 ν
468 333 514 374 :nr
582 338 585 366 ι
897 333 969 380 „ge

423 395 426 406 ι
952 383 985 404 „rm

297 528 954 622 nenornocsnrunsue.
1131 542 1152 597 r

348 687 419 749 daeis
429 698 547 760 temen,
560 687 727 765 quandoad
742 680 1046 752 Mahurnedanismum
1057 682 1098 747 rie·
1131 685 1152 750 b

347 768 472 846 ficiunt,
494 772 574 848 prius
587 769 795 838 confessionem
808 766 1031 842 christianifini‚
1050 766 1098 830 hoc
1132 789 1152 851 ρ

348 852 411 927 est,
432 852 586 917 CHRIS
600 852 651 917 TI
662 852 772 915 lneffiae
785 854 960 930 requirunt,
974 850 1098 914 comesto·
1133 859 1152 921 1

349 954 408 1013 que
438 933 507 996 bolo
526 932 633 1010 lardi,
666 934 820 998 &hausto
845 936 909 997 vini
926 937 1006 997 vitro
1026 932 1102 997 veluti
1140 939 1152 1006 i

349 1016 564 1116 baptizatum,
596 1020 625 1082 &
650 1016 836 1084 christianum
859 1016 1002 1098 effectum
1019 1016 1102 1080 fistuu
1123 1019 1152 1081 'r

350 1119 490 1180 pnmum.
1143 1124 1152 1165 r

400 1222 520 1286 Habent
537 1222 690 1302 quaedarn,
716 1241 780 1301 quae
798 1221 836 1282 ad
848 1219 927 1284 fuant
947 1217 1053 1284 serram
1071 1217 1105 1281 iu
1147 1214 1152 1240 ¹

352 1302 534 1384 stipiendam
557 1317 717 1384 potuerunt
750 1303 896 1380 allicere,
932 1302 1030 1382 qualia
1053 1303 1106 1365 fun

352 1374 454 1452 DEU
465 1390 499 1452 M
523 1408 614 1451 unum
638 1388 715 1462 eise,
733 1385 831 1466 saepius
846 1388 1015 1461 orandum,
1044 1384 1108 1448 eise

353 1471 490 1550 mosynas
502 1472 613 1534 dandas
625 1515 634 1547 ‚
649 1491 683 1533 ac
693 1470 835 1550 superflua
854 1472 886 1531 in
897 1488 1043 1548 pauperes
1055 1486 1107 1530 ero·

378 1555 475 1631 ando,
503 1555 640 1630 iustitiam
660 1553 852 1629 servandam
876 1554 1008 1629 aliasque
1030 1570 1108 1614 exeo·

356 1573 462 1701 iendos
485 1639 618 1699 virtutes.
662 1635 759 1697 Facile
770 1637 881 1710 etiam,
906 1634 998 1699 nullis
1017 1634 1109 1713 myste-

355 1720 408 1781 riis
418 1718 543 1780 admiiirs
555 1718 640 1796 supra
649 1720 791 1780 rationem
804 1718 923 1796 positis,
940 1718 1076 1779 homines
1084 1718 1111 1776 in

353 1800 418 1863 suas
428 1814 524 1879 partes
534 1799 763 1864 trahebant28ed
773 1802 843 1863 dnm
852 1802 882 1862 in
893 1801 990 1863 nostra
1003 1799 1111 1877 reiigio-

353 1902 395 1946 ne
408 1883 475 1946 sunt
493 1884 631 1961 dogmata
645 1896 732 1962 captu
742 1884 852 1957 ardua,
879 1884 906 1946 D
918 1883 1111 1956 EI‘triunius,

353 1964 446 2027 Verbi
459 1967 622 2041 incarnati,
647 1967 806 2041 crucifixi,
829 1967 976 2029 bonorum
999 1965 1113 2028 alterius

354 2048 445 2122 vitae,
459 2068 522 2126 quae
534 2068 594 2111 neo
603 2047 706 2112 oculus
719 2051 794 2112 vidit
804 2052 859 2112 &n
874 2062 1023 2127 praecepta
1032 2050 1115 2111 etiarn

338 2130 434 2209 *fauo
452 2131 645 2205 difficillima,
669 2133 707 2193 de
725 2132 918 2211 abnegatione
937 2132 1004 2206 sui,
1028 2133 1117 2194 eonti-

354 2215 478 2288 nentia,
491 2215 806 2291 amoreini'rnicorunr,
820 2217 881 2278 vita
902 2216 934 2277 in
944 2213 1114 2278 miseriis-fe-

339 2296 408 2363 ,liei
419 2319 428 2372 ;
441 2298 656 2361 Mahumedani
675 2312 830 2373 econtra,
852 2319 914 2377 quae
932 2301 1023 2360 etiam
1044 2300 1116 2361 bona
1149 2320 1152 2327 ·

355 2381 499 2456 credere,
517 2385 545 2444 δι
559 2381 656 2442 facere
670 2382 807 2443 videntur
822 2426 831 2455 ‚
843 2383 984 2459 ineptiis,
1004 2385 1116 2444 &erro-

354 2463 435 2526 ribus
455 2462 586 2540 plurimis
600 2464 766 2526 inferciunt.
812 2465 856 2526 Ad
871 2485 933 2542 quae
947 2464 1114 2526 bominibus

353 2545 555 2626 persuadenda
565 2546 648 2610 malis
667 2547 777 2609 artibus
797 2593 807 2621 ‚
833 2551 861 2609 &
883 2549 970 2608 armis
992 2547 1033 2609 est
1054 2546 1115 2612 usus

354 2641 471 2690 tantum
489 2629 525 2690 M
538 2649 558 2688 n
571 2649 593 2689 rr
606 2649 628 2688 u
640 2652 663 2690 n
677 2650 692 2690 n
708 2653 728 2692 n
746 2650 753 2690 :
792 2629 880 2692 nullis
900 2629 988 2707 signis
1012 2631 1113 2691 doetri-

356 2730 426 2773 nam
448 2731 556 2771 novam
590 2713 826 2786 commendans,
853 2726 902 2775 aut
925 2714 1116 2790 praedictioni.

354 2791 438 2937 bus,
466 2793 498 2854 vi
520 2791 697 2879 hominibus
724 2796 858 2858 adduciis
887 2795 926 2858 ad
943 2795 1114 2877 religionem

368 2891 444 2938 uam.

311 3028 315 3035 -
398 2983 532 3046 Habetur
545 2983 665 3061 quidem
674 2986 707 3046 in
718 2983 863 3048 Aicorano
874 3029 883 3060 ,
894 2984 1037 3046 neminen
1050 2981 1116 3042 invi-

232 3080 262 3119 ἢ
358 3080 423 3130 tum
446 3066 612 3145 cogendum
640 3069 678 3130 ad
696 3068 869 3148 religionem
889 3066 1115 3143 suscipiendam

358 3150 507 3214 fedrene
528 3150 937 3224 notatiiinnnncrus,
964 3147 1029 3223 haec
1057 3163 1117 3212 eum

358 3232 458 3296 adhuc
471 3233 581 3295 viribus
598 3234 763 3296 destitutum
776 3231 898 3296 statuisse
911 3277 920 3305 ‚
944 3243 1063 3293 mutato
1071 3248 1117 3307 po·

341 3317 419 3381 nea
431 3314 570 3392 consilio,
588 3316 668 3393 quod
684 3337 723 3379 ex
749 3315 893 3394 Alcorano
913 3315 975 3392 ipso
1001 3315 1117 3377 demon-

250 3443 253 3447 ·
360 3400 438 3465 strat.
483 3399 559 3462 Tam
581 3418 657 3463 caece
681 3401 770 3460 etiam
785 3401 815 3459 in
837 3396 980 3476 religione
996 3395 1061 3458 suos
1074 3395 1119 3456 de-

366 3482 518 3546 ducendos
540 3481 711 3555 constituit,
734 3495 767 3544 ut
785 3500 887 3542 omnes
915 3478 1119 3557 disquitiones,

367 3565 636 3644 disputationesque
659 3563 857 3640 cohibuerit,
890 3574 952 3626 tam
979 3564 1057 3628 inter
1079 3559 1121 3633 se,

366 3667 455 3726 quem
463 3646 637 3723 nobiscum,
650 3667 684 3710 ac
694 3667 760 3710 curn
772 3646 880 3721 Judaeis
891 3691 901 3721 ,
913 3645 1054 3712 modestis
1067 3661 1122 3706 ver·

363 3730 416 3800 bis
429 3729 587 3799 dicendum
603 3728 944 3816 precipiensdisputere
954 3725 1126 3879 ἰοίὶὲυῑὲεηᾱ·
