2475 4450
291 537 368 628 443
422 549 427 558 ·
479 543 537 602 ou
560 535 832 598 uocarunt
872 535 980 600 sao.

336 681 847 774 1703.alterr715.l’ariliisexculi
864 675 1010 765 prostant
1031 684 1094 750 Con·

333 776 462 841 tinuatio
483 770 615 835 immenti
633 771 732 848 operis
752 770 791 833 ab
810 770 944 834 eruditis
963 768 1095 836 todalm

334 856 590 924 fruihahaetenue
604 853 662 916 fuit
682 852 864 934 exspectata.
1125 863 1130 978 Ι

376 963 404 1029 li
426 977 525 1028 tamen
536 960 651 1023 menne
661 955 729 1042 sunt
742 951 899 1036 prosecuti
914 969 1048 1036 coeptam
1058 955 1094 1020 ia·

337 1047 406 1114 uolo
421 1046 569 1127 superiore
590 1041 752 1105 editionem
774 1038 953 1103 sanctorum
972 1055 1096 1120 patron,

336 1131 520 1206 aliorumque
548 1127 704 1189 donorum
732 1167 743 1197 ‚
774 1135 811 1185 ao
843 1135 1098 1186 monumentorum

338 1212 597 1279 ecclefiasticorun
618 1203 749 1285 undique
762 1203 989 1281 collectorum,
1010 1206 1096 1285 idque,

338 1297 454 1379 partitis
464 1295 581 1373 operia,
595 1289 807 1371 ommutuit,
818 1287 1003 1352 doetiffimis
1020 1290 1095 1360 notis,

338 1383 368 1444 a
379 1375 625 1443 dissertationibus
636 1372 766 1451 undique
785 1370 913 1450 sparm,
933 1371 1041 1451 quibua
1055 1371 1098 1434 dil·

337 1461 484 1530 ileultates
507 1458 719 1529 elucidantur,
742 1455 883 1534 dogmata
907 1454 1098 1530 illustrantur,
1134 1491 1136 1534 ἰ

341 1545 423 1626 quod
441 1542 614 1624 plerumque
625 1559 679 1620 per
696 1537 822 1618 lingulas
835 1537 981 1602 materias
993 1539 1100 1619 dognu-
1134 1537 1136 1548 '

340 1632 416 1695 ticaa
435 1630 519 1705 juxta
530 1624 633 1689 seriem
651 1617 808 1701 theologia
827 1615 932 1684 eundo
943 1621 1063 1686 faciunt
1132 1643 1137 1762 Ι

390 1728 485 1795 Simul
503 1728 567 1792 hac
577 1725 676 1791 omnia
684 1725 859 1805 complexus
878 1726 925 1789 est
945 1745 1101 1790 nar-nr„

341 1805 665 1883 ALEXANDER
696 1806 950 1874 dissertationibus
980 1809 1039 1875 suia
1064 1808 1102 1871 hi·

341 1891 688 1962 noricoecclefianicis:
712 1912 747 1955 ac
760 1910 905 1972 praterea
925 1891 1102 1974 etiamiyste·

342 1975 599 2055 mathcologicum
608 1977 696 2051 juxta
704 1973 890 2040 materiarum
901 1977 1040 2040 ordinem
1049 1963 1102 2040 edi
1132 1983 1137 2036 l

344 2063 398 2128 dit.
444 2060 503 2124 Sed
519 2061 550 2121 in
563 2072 688 2137 utroque
701 2077 790 2138 opere
802 2055 949 2136 fuerunt,
963 2080 1028 2139 quae
1042 2079 1102 2123 cen·
1130 2061 1133 2136 j

342 2144 407 2210 iura
416 2158 586 2208 notarentur
597 2155 657 2205 tam
667 2144 697 2205 in
709 2141 882 2222 dogmaticis
894 2188 904 2216 ,
917 2163 1006 2221 quam
1017 2163 1101 2205 mora·

299 2229 304 2237 '
343 2225 441 2301 libus,
466 2228 503 2291 de
516 2226 619 2304 quibus
630 2241 729 2289 tamen
742 2226 769 2290 se
788 2226 954 2290 defendere
965 2227 1101 2306 suscepit,

298 2313 301 2319 ¹
342 2307 833 2459 lhhrlliit¹¹²‘l3t³lis
857 2310 1102 2473 il‘tihllt
1127 2304 1132 2351 ¹

344 2497 414 2544 cum
441 2474 541 2538 multis
575 2473 719 2553 theologis
750 2474 813 2537 sors
844 2474 1099 2550 JUENINO,

345 2557 759 2633 CONTENSONIO,
784 2558 1136 2624 Hammonem

345 2640 820 2709 SedNarursALEX.non
839 2640 1100 2706 estdefraudandua
1133 2644 1137 2705 i

223 2740 227 2748 “
346 2724 446 2790 debita
456 2723 563 2798 laude,
584 2725 634 2802 qui
649 2737 771 2803 utraque
786 2722 933 2786 methodo
958 2724 1098 2796 historica,
1135 2760 1139 2809 Ι

345 2812 376 2873 tr
398 2806 565 2871 scholastica
588 2808 725 2886 dogmata
749 2804 927 2882 illustravit,
960 2811 990 2870 ἃ
1007 2824 1100 2871 contra
1135 2816 1139 2877 l

343 2886 498 2954 haereticos
518 2889 653 2953 defendit
672 2912 681 2966 ;
704 2909 771 2953 cum
790 2887 840 2953 alii
852 2888 989 2969 theologi
1010 2889 1059 2954 vel
1074 2892 1100 2951 in
1136 2880 1141 2933 Ι

343 2993 406 3038 uno
417 2969 572 3036 elaborasse
582 2970 648 3036 satis
663 2969 840 3047 habuerint,
865 2988 956 3051 atque
969 2973 1101 3054 inignem

345 3053 464 3121 laudem
475 3057 729 3133 comparaverint,
742 3056 808 3119 TO
820 3055 845 3117 U
857 3055 885 3118 R
896 3057 926 3119 N
936 3056 961 3118 E
973 3057 997 3120 L
1007 3057 1056 3120 lU
1067 3058 1084 3119 S
1091 3102 1100 3130 ,

302 3201 304 3205 .
344 3136 635 3205 Das-HAMEL.
667 3136 910 3220 WITASSE.
942 3156 985 3202 ex
1020 3138 1101 3204 Gallis

346 3220 546 3301 (dolendum
572 3221 603 3285 P.
630 3217 1039 3303 FuliERREVlUlll
1069 3240 1102 3285 ex

347 3306 443 3386 cong.
463 3306 492 3368 S.
508 3303 543 3367 M
557 3302 682 3368 AURI
696 3301 876 3382 theologiam
897 3303 1101 3384 dogmaticam,

345 3409 433 3468 quam
453 3387 669 3462 meditabatur,
699 3399 794 3449 morte
810 3385 977 3450 accelerata
997 3386 1092 3452 in'tenl
1138 3448 1142 3469 ,

309 3482 311 3486 “
344 3473 433 3535 nimis
453 3471 546 3533 studio
559 3515 569 3543 ‚
583 3468 725 3548 perlicere
737 3468 815 3533 haud
831 3468 983 3548 potuille)
996 3472 1021 3534 G
1033 3472 1060 3535 0
1070 3471 1103 3534 T·
1137 3484 1141 3533 i

344 3548 1102 3628 T1‚BERT1,00N01NNnex1rahs;
1138 3552 1141 3563 '

308 3706 311 3714 ,
345 3654 385 3700 ex
407 3636 560 3699 Germanis
588 3647 686 3713 patres
720 3635 834 3720 p'arum
857 3630 1053 3718 scholarum,
1078 3637 1102 3698 P.
1132 3620 1139 3715 l

160 3818 195 3939 ι
354 3717 740 3812 drih'ssb'igelbtebam
779 3710 1149 3856 iubxdmuavgiismge(
