2475 4450
199 556 319 613 POST
347 547 617 616 cnRIsTlerr
641 557 736 617 ΒΕΘ.
756 558 826 620 XV.
863 559 938 637 359

135 702 334 789 stantienfi
348 729 425 815 pro
443 702 675 801 occidente,
688 729 766 817 pro
782 707 939 795 oriente

136 817 180 902 in
211 814 383 901 concilio
406 813 641 901 Florentino
660 816 839 905 ecclefiae
857 820 938 906 -sta-

139 948 216 1014 tus,
271 924 937 1042 Atfirmanonfuitpax·,&uni-

137 1062 224 1135 tas,
250 1040 291 1124 in
310 1037 517 1125 occidente
541 1038 671 1126 levius
694 1042 850 1129 turbata
871 1072 938 1129 re-

136 1152 216 1237 bus
230 1154 380 1237 iterum
400 1153 613 1251 restitutis,
635 1155 678 1238 in
695 1156 849 1241 oriente
866 1183 939 1242 au-

136 1286 222 1349 tern
239 1290 335 1348 cum
356 1266 529 1376 imperio
551 1262 739 1363 ecclesia,
763 1295 809 1353 ac
831 1264 941 1355 chri-

133 1376 361 1465 stianilinus
382 1379 545 1487 penitus
560 1373 757 1489 collapsus
773 1381 842 1466 est.

228 1522 335 1584 Oriens
348 1522 497 1585 schifinate
510 1523 713 1599 detinebatur,
728 1526 756 1587 ἂ
771 1525 867 1590 indies
879 1544 940 1589 nra·

177 1605 224 1681 gis
245 1606 430 1668 infestabatur
445 1627 462 1668 a
477 1607 609 1670 Turcis:
633 1608 666 1667 in
689 1607 844 1670 occidente
855 1607 941 1670 schis-

177 1707 227 1749 ma
243 1691 340 1750 onmia
359 1688 495 1752 turbabat
515 1736 524 1765 ,
546 1689 724 1760 vacillabant
743 1706 856 1753 mentes
874 1736 884 1766 ,
910 1694 940 1754 dc

178 1790 292 1848 regna,
314 1774 419 1833 netad
433 1775 577 1834 unitatem
595 1774 697 1852 capitis
722 1774 824 1837 reduci
840 1775 941 1854 potuit

179 1854 311 1915 ecclefia.
363 1855 465 1916 Roma
483 1856 547 1934 post
565 1856 665 1919 BON
674 1854 843 1919 IFACII
862 1877 950 1918 mor··

178 1949 242 1998 tem
262 1937 369 1998 adduci
392 1938 556 2001 cardinales
575 1959 641 2001 non
661 1952 843 2016 potuerunt,
868 1940 941 2018 quin

177 2017 269 2081 alium
287 2019 429 2097 eligerent
440 2020 631 2099 pontificem,
648 2022 738 2099 idque
752 2022 886 2085 fecerunt
897 2024 943 2098 ju·

176 2116 313 2164 ramento
324 2104 442 2180 quidem
452 2105 585 2165 adstricto
596 2102 692 2165 electo
700 2104 737 2170 ad
750 2105 828 2166 viam
841 2103 940 2167 cellro·
1056 2163 1058 2168 Α

178 2188 250 2258 nis,
269 2184 289 2246 st
305 2185 455 2248 neceflitas
468 2188 498 2248 id
510 2187 673 2265 flagitaret,
689 2207 746 2264 qua
759 2188 862 2250 eadem
872 2186 941 2250 reli·

179 2271 268 2347 gione
281 2269 433 2332 obstrictus
454 2269 780 2333 BENEDICTUS
800 2273 831 2331 in
845 2269 940 2332 Gallia

178 2352 344 2414 tenebatur.
399 2354 477 2415 Dum
490 2352 652 2416 cardinales
661 2351 771 2414 malum
782 2351 885 2416 tollere
898 2351 939 2416 al·

177 2435 336 2509 laborant,
349 2435 485 2513 depofitis
509 2436 629 2498 duobus
639 2437 765 2499 'tertium
780 2435 938 2513 eligendo,

175 2521 296 2587 ,auctum
315 2520 413 2596 potius
435 2520 477 2580 est
490 2517 598 2581 malum
610 2563 622 2592 ,
633 2519 749 2598 jamque
761 2520 869 2596 triceps
883 2518 941 2580 fuit

178 2600 318 2664 ecclesra:
341 2602 466 2678 quodvis
479 2614 566 2680 caput
578 2601 661 2664 suum
672 2599 797 2662 habebat
809 2621 917 2679 corpus
929 2643 941 2677 ,

180 2688 210 2747 u
234 2682 395 2758 membra,
421 2687 453 2746 in
478 2699 537 2747 tres
555 2696 653 2763 partes
680 2683 789 2747 discilla
809 2683 939 2746 ecclefia.

177 2768 217 2831 ln
236 2767 364 2828 concilio
384 2767 594 2830 Constantienfi
606 2781 725 2845 quartus
743 2766 850 2830 electus
867 2787 941 2845 pon·

178 2851 274 2923 tifex,
299 2851 346 2912 cui
362 2851 423 2911 duo
435 2850 463 2913 se
475 2850 668 2913 submiserunt
686 2850 885 2925 ιΙΟΑΝΝΙΞ
898 2851 918 2913 S
927 2895 940 2926 ,
1019 2917 1022 2925 ,

179 2938 210 2996 dc
227 2933 942 3008 GREGORIUS,Bnrcrurcrrautem

177 3014 323 3097 paulatim
334 3017 478 3078 diminuta
489 3017 547 3078 fuit
555 3016 655 3079 uuio.
697 3014 763 3078 Nec
777 3027 875 3077 tamen
887 3015 941 3076 nist

180 3102 235 3162 diu
248 3099 313 3177 pull
335 3101 430 3161 unitas
451 3099 493 3161 est
505 3098 657 3173 restituta,
678 3101 706 3162 dc
729 3096 819 3177 paulo
842 3098 941 3176 postea

179 3186 289 3246 iterum
303 3195 387 3260 rupta
400 3229 410 3257 ,
435 3181 611 3258 schilmaque
621 3182 624 3185 ’
635 3201 690 3260 per
710 3181 732 3243 F
742 3182 765 3243 E
776 3181 856 3244 LlC
869 3180 892 3243 Ε
903 3179 942 3243 Μ

179 3267 217 3327 V.
231 3266 403 3338 inductum,
428 3285 493 3326 non
506 3278 591 3326 atrox
612 3276 710 3326 tamen
723 3264 817 3341 adep,
834 3275 942 3326 utnon

179 3349 302 3412 tandem
313 3361 431 3426 optata,
452 3351 480 3409 dc
496 3346 572 3409 ultra
586 3345 721 3410 iaculum
736 3346 771 3408 ab
787 3345 945 3408 occidente

177 3430 304 3496 exulans
314 3434 432 3507 pax,&
448 3432 543 3493 unitas
553 3430 748 3507 redintegrata
767 3429 810 3491 fit.

230 3515 366 3597 Potuiffet
381 3515 431 3575 fibi
442 3526 512 3576 tunc
525 3513 662 3591 gratulari
675 3511 812 3586 ecclefia,
837 3515 865 3575 dc
878 3510 943 3574 feli·

181 3618 248 3663 cem
260 3599 474 3675 depraedicare,
492 3599 510 3658 st
524 3596 630 3659 stabilis
641 3598 728 3658 etiam
748 3593 945 3673 permansisset

182 3683 256 3745 unio
276 3701 344 3743 cum
362 3683 474 3747 oriente
499 3683 609 3758 pada:
646 3680 813 3754 conjunclis
834 3678 946 3741 viribus

182 3766 304 3843 oriens,
327 3763 532 3912 occidensqu{
533 3848 536 3856 Ι
546 3762 766 3828 incumbentem
784 3761 947 3908 Christllim
999 3843 1001 3846 Α

286 3862 288 3866 ·
554 3866 575 3924 4
834 3863 867 3910 re
887 3880 906 3900 ι
