2475 4450
167 549 289 609 uo‘sr
317 548 595 611 cuursaurr.
623 549 809 639 eruemur.
842 538 919 627 383

156 698 326 773 formator,
343 710 572 778 repurgatorque
602 697 705 763 haberi
724 697 819 779 potest
848 701 926 765 llna.

158 782 348 859 baptistarum
376 782 665 857 Monasterienfium,
684 785 735 863 qui
753 804 815 846 non
829 782 924 849 solum
994 816 996 820 ¹

156 866 401 928 communitatem
428 866 597 942 bonorum,
615 866 665 929 led
689 868 777 929 etiam
799 865 921 949 polyga-

156 949 250 1010 miam
273 947 474 1025 inducebant,
502 947 589 1011 facile
603 948 641 1011 de
654 949 737 1013 causa
760 950 922 1015 divortium

155 1032 355 1095 admittentes.
402 1033 460 1110 Spe
479 1033 563 1111 regni
582 1031 758 1108 millenarii,
781 1053 816 1096 ac
834 1032 923 1095 liber·

154 1116 225 1177 tatis
245 1114 406 1177 christianae
429 1128 576 1193 praetextu
601 1113 803 1192 rebellabant,
827 1118 922 1180 variat

154 1196 374 1272 revelationes,
405 1217 440 1260 ac
455 1198 582 1261 vifiones
596 1199 758 1274 jaetantem
786 1199 923 1277 aquibus

154 1280 187 1343 se
213 1280 323 1343 delitiis
347 1280 532 1343 Mennonitae
556 1300 646 1359 puros
667 1280 803 1344 clamant
848 1283 924 1345 Sunt

155 1365 277 1441 quidem
295 1363 465 1442 hodieque,
486 1365 536 1442 qui
556 1382 681 1441 regnum
702 1362 922 1442 millenarium,

156 1446 213 1509 sed
227 1446 381 1522 subtilius,
402 1446 529 1524 fingunt

101 1611 109 1621 .
197 1555 383 1619 lllennonitae
404 1557 493 1619 etiam
506 1556 646 1620 invarias
658 1555 794 1621 abierunt
808 1554 920 1620 sertas:
993 1607 996 1615 ,

154 1658 245 1717 quare
268 1639 295 1714 J.
312 1640 643 1704 HOORNBECK
663 1639 720 1707 alla
740 1657 844 1703 eorum
865 1638 921 1701 do·

154 1734 253 1799 gmata
268 1726 454 1799 communia,
474 1721 531 1785 alia
552 1716 707 1802 specialia,
738 1717 794 1785 alia
812 1722 921 1802 specia-

152 1804 258 1867 lillrma
280 1806 437 1884 distinguit.
477 1806 582 1869 Praeter
598 1805 922 1870 communilsrmumer·

151 1908 272 1963 rorem,
299 1888 338 1950 ob
357 1884 807 1969 qoemdicunturrlnabaptistae,
834 1886 923 1973 lllen-

150 1973 264 2033 nonitae
286 1971 518 2035 CHRISTO
550 1991 657 2050 eorpus
695 1972 812 2054 coeleste
840 1974 922 2051 attri-
987 2021 991 2028 .

149 2055 270 2130 buunt,
292 2056 456 2131 juramenta
490 2058 589 2117 omnia
614 2057 703 2117 etiam
731 2060 764 2117 in
800 2054 922 2133 publico
1015 2101 1020 2115 ,

150 2138 264 2215 iudicio
286 2139 378 2200 vetita
403 2136 531 2200 habent:
564 2157 621 2201 nec
647 2137 808 2201 christianis
823 2134 922 2199 indul·

152 2235 227 2301 gent
248 2221 444 2300 magistratum
470 2239 592 2300 gerere,
620 2237 671 2285 aut
691 2220 769 2284 bella
784 2223 841 2299 &e
883 2218 922 2283 ld

152 2308 243 2369 etiam
262 2321 419 2368 commune
443 2299 501 2367 illis
517 2305 576 2380 est,
599 2304 735 2368 affectare
747 2300 922 2384 singularem

151 2386 356 2465 sanctitatem,
381 2387 485 2460 statum
506 2386 633 2450 eccleliae
650 2386 776 2450 idealem
795 2386 922 2464 libinin.

152 2492 245 2551 gere:
280 2490 343 2550 quae
374 2471 468 2550 prima
489 2469 611 2534 seceilus
647 2491 749 2534 eorum
776 2470 833 2533 fuit
854 2488 922 2532 cau·

154 2555 208 2631 sa,
226 2554 354 2633 &usque
375 2556 413 2617 ad
431 2553 602 2633 praesentem
628 2555 728 2628 diem,
753 2553 923 2630 ubicunque

153 2640 291 2716 degunt,
316 2657 416 2701 comes
437 2635 486 2714 se,
514 2635 679 2700 &humiles
692 2637 834 2715 praebent,
858 2637 922 2714 qui.

153 2721 280 2785 buscum
295 2723 415 2795 vivere,
443 2723 630 2800 &negotiari
651 2720 763 2782 bonum
784 2719 832 2785 est.
871 2718 923 2783 Vi·

152 2818 217 2868 tam
238 2804 318 2867 suam
335 2807 391 2866 rite
415 2824 594 2882 componere
612 2804 748 2879 student,
772 2802 923 2867 eonfoede-

150 2890 268 2951 ratione
287 2889 410 2969 quadam
437 2887 602 2966 disciplina.
661 2887 751 2963 Quod
778 2886 922 2967 produnt,

153 2972 206 3049 qui
228 2973 260 3033 in
281 2970 337 3033 hac
353 2971 461 3033 vicinia
481 2970 592 3048 degunt
610 2987 705 3049 prope
717 2969 923 3033 monasterium

154 3053 415 3117 Tennenbacenle.
477 3053 621 3116 Pastorem
655 3052 835 3115 ordinarium
859 3070 924 3125 non
1001 3108 1003 3113 ,

150 3136 283 3212 habent,
323 3136 373 3199 sed
395 3135 484 3197 semel
510 3148 625 3198 tantum
644 3192 647 3197 .
653 3155 709 3221 per
735 3154 843 3198 annum
870 3134 923 3197 ad·

152 3233 280 3283 ventans
301 3239 340 3282 ex
355 3217 599 3282 vicinaHelvetia
615 3234 671 3283 eoo
688 3218 822 3295 instruit,
845 3219 923 3287 &in
1025 3235 1026 3238 ’

155 3303 293 3366 dotirina
312 3303 474 3366 confirmat.
807 3308 813 3314 '⁸

202 3425 261 3488 Sed
284 3442 346 3484 non
374 3423 412 3484 de
446 3419 583 3483 omnibus
598 3417 678 3482 idem
693 3416 836 3494 judicium
853 3415 932 3479 ferri

153 3508 273 3589 potest,
309 3525 364 3568 nec
393 3506 481 3570 etiam
508 3502 618 3582 ubique
635 3502 768 3564 locorum
798 3499 923 3563 eandem

154 3605 262 3655 tenent
284 3590 381 3652 fidem.
428 3589 503 3650 Sunt
522 3589 555 3648 in
574 3585 699 3664 Anglia,
726 3585 776 3662 qui
792 3582 859 3646 oleo
878 3583 924 3644 in·

154 3675 256 3739 firmos
276 3684 390 3750 ungunt
423 3674 510 3748 juxta
529 3673 636 3747 Jacobi
662 3674 699 3736 V..
712 3687 758 3744 14.
803 3665 861 3730 Sed
880 3677 923 3728 ta·

156 3778 229 3829 oren
251 3756 463 3836 sedamentuar
483 3753 631 3826 norom
656 3771 722 3824 non
750 3750 920 3848 agnoscunt,
980 3792 1025 3835 ..R

830 3831 1075 3913 lla...
