2475 4450
301 533 399 627 (244
508 547 564 603 ue
589 546 853 605 occentus
891 546 995 607 cac.

274 715 276 718 ·
362 694 518 768 labantur,
542 693 672 773 suspecta
701 694 741 757 est
761 695 877 759 reddita
897 694 980 773 apud
1003 692 1113 759 catholi-

360 798 425 844 cos.
480 776 625 840 lllonachi
655 777 770 857 Scythae
801 797 866 855 eam
892 778 1111 855 ingeminantes,

345 881 431 925 .cum
445 861 521 923 ferre
542 880 606 921 non
622 860 737 939 possent
758 860 787 922 se
814 856 1017 940 Eutychianos
1039 862 1114 926 habe-

360 947 398 1019 ri,
419 943 523 1021 legatis
545 941 835 1007 HORMISDIE
864 944 1112 1025 Constantinopoli

360 1026 514 1101 libellum,
548 1026 586 1089 ad
609 1026 639 1089 se
662 1027 829 1105 purgandos
861 1026 1043 1093 obtulerunt
1075 1028 1111 1092 lb

359 1109 419 1174 illis
438 1108 547 1188 repulfi
570 1109 696 1173 Romam
708 1110 745 1172 ad
755 1108 927 1188 pontificem
938 1111 1038 1189 ipsum
1051 1132 1111 1176 con
1157 1175 1159 1182 ,

360 1194 541 1268 tenderunt,
555 1212 591 1255 a
614 1191 717 1271 legatis
737 1213 789 1271 per
809 1192 922 1255 litteras
944 1196 1009 1269 jam
1024 1195 1111 1259 delati
1156 1207 1159 1212 ·

167 1306 178 1323 ·
248 1299 258 1323 ·
302 1275 304 1278 ’
359 1276 407 1341 lbi
426 1277 517 1339 etiam
542 1271 880 1338 eosllounrsnns
907 1277 1114 1358 repulit,'per-

252 1386 263 1408 ·
358 1358 477 1435 suasue,
509 1356 599 1422 talem
624 1357 857 1437 ‚propofitiunem
885 1359 1042 1426 ferendam
1063 1382 1115 1424 non

359 1442 443 1519 esle,
458 1462 522 1522 quae
536 1443 640 1504 nec-in
660 1441 811 1517 conciliis,
834 1440 941 1504 litteris
968 1443 999 1507 S.
1014 1444 1115 1508 LEO·

359 1525 467 1601 NIS,
498 1537 549 1589 aut
563 1524 615 1589 usu
636 1524 762 1588 ecclefiae
786 1522 977 1600 consecrata,
1006 1528 1043 1589 al>
1069 1528 1118 1591 Eu.

357 1608 505 1690 tychianis
519 1606 590 1670 olim
610 1608 642 1668 in
666 1607 793 1671 concilio
812 1606 1047 1672 Chalcedonenfi
1058 1631 1116 1690 pro-

359 1691 451 1772 posita
460 1691 568 1766 fuerit,
592 1691 712 1753 unionis
726 1691 877 1769 negotium
892 1692 1054 1771 impediret
1064 1698 1112 1759 &c

342 1806 345 1812 ’
401 1808 549 1875 Monachi
569 1822 709 1887 praeterea
730 1808 758 1871 se
779 1808 924 1888 suspectos
946 1810 1113 1888 reddebant,

362 1895 444 1973 quod
455 1912 510 1972 pro
520 1892 699 1954 Nestorianis
710 1890 851 1955 haberent
860 1892 1044 1961 adhaerentes
1054 1916 1116 1960 con·

361 1977 432 2041 cilio
457 1974 714 2052 chalcedonensi,
745 1975 811 2039 acsi
833 1975 891 2038 stne
916 1975 968 2040 sua
992 1978 1115 2057 explica-

360 2064 444 2125 tione
461 2058 604 2122 lufficlens
625 2078 688 2121 non
710 2058 780 2121 esset
806 2059 881 2122 istud
901 2060 1066 2126 concilium
1084 2062 1114 2125 ad

359 2142 600 2208 Nestorianorum
624 2141 849 2204 damnationem.
894 2142 960 2222 Ipsa
981 2144 1114 2223 importu-

318 2279 323 2284 ,
360 2230 455 2290 nitate
474 2225 522 2290 sua
544 2225 662 2288 odiosos
683 2225 712 2288 se
733 2228 860 2304 primum
882 2227 915 2288 in
937 2228 1114 2306 oriente,ac

361 2311 461 2391 postea
484 2310 517 2370 in
537 2310 693 2372 occidente
718 2310 906 2372 reddiderant
933 2311 1114 2375 Houtrrs·

361 2414 446 2467 nn,
481 2406 516 2456 ut
543 2412 593 2454 eos
617 2393 712 2455 Roma
732 2392 811 2454 abire
832 2391 968 2471 juberet,
998 2399 1028 2456 dc
1053 2398 1113 2458 atris

361 2475 516 2540 coloribus
530 2473 651 2554 epistola
673 2477 710 2536 ad
745 2476 765 2537 P
779 2476 805 2538 O
818 2477 836 2546 S
847 2475 899 2538 SE
911 2474 1002 2547 880
1013 2478 1040 2541 R
1052 2478 1113 2542 ΕΜ

355 2559 530 2638 episcopum
542 2558 731 2632 Africanum,
753 2572 824 2620 tunc
844 2557 929 2638 Cpoli
951 2559 1112 2638 degentem,

320 2707 323 2711 ,
344 2671 347 2675 ·
362 2643 544 2719 depingeret
567 2641 660 2717 Quod
678 2642 798 2719 indigne
811 2641 907 2704 ferens
923 2642 960 2704 M
971 2644 994 2705 l
1005 2645 1038 2706 X
1049 2645 1071 2707 Ε
1081 2644 1114 2707 Ν·

325 2699 479 2885 QUS
510 2723 721 2787 monachorum
747 2723 920 2803 Scytharum
945 2728 1113 2806 praecipuus,

363 2826 384 2867 n
440 2804 520 2868 ausus
539 2821 638 2868 tamen
657 2819 756 2885 aperte
774 2806 947 2886 pontificem
967 2810 1113 2888 impetere,

362 2887 507 2951 fimulavit
524 2888 713 2968 seepistolam
734 2890 830 2952 sistam
851 2889 978 2966 habere,
993 2913 1058 2971 quae
1070 2893 1115 2955 fal.

364 2972 395 3034 so
407 2973 434 3034 H
445 2992 464 3034 o
475 2993 494 3032 u
506 2995 530 3034 m
543 2995 554 3033 1
569 2993 582 3036 s
594 2995 614 3033 o
627 2996 652 3034 n
665 2973 818 3048 tribuatur,
831 2972 998 3051 responsum
1009 2977 1114 3039 adeam

363 3056 466 3130 dedit,
497 3057 608 3136 acriter
634 3058 809 3134 excipiens,
841 3069 928 3134 atque
950 3059 1117 3137 propohtio-

362 3141 409 3202 nis
428 3153 593 3201 memoratae
607 3139 803 3201 defensionem
815 3138 980 3218 suscipiens.
1027 3142 1116 3204 Etiam

362 3222 502 3285 monachi
537 3221 653 3300 Scythae
674 3224 712 3285 ad
733 3222 883 3300 episcopos
919 3223 1117 3288 Africanosin

363 3298 498 3369 sardinia
517 3302 620 3366 exules
645 3304 794 3384 epistolam
823 3305 989 3379 dederunt,
1013 3309 1045 3368 in
1067 3327 1117 3386 qua

363 3388 453 3452 sidem
475 3389 555 3451 suam
577 3389 634 3449 rite
662 3402 837 3466 exponunt,
863 3389 890 3449 tc
912 3389 1075 3454 concilium
1092 3410 1116 3452 e·

363 3475 436 3537 tiam
457 3470 694 3533 chalcedonense
713 3472 851 3533 laudant:
875 3472 973 3549 itaque
996 3474 1118 3535 testimo·

362 3558 464 3629 nium,
485 3556 514 3617 &
533 3554 786 3617 confirmationem
806 3551 980 3616 orthodoxae
993 3554 1064 3618 fidei
1074 3577 1116 3619 ac·

361 3650 504 3716 ceperunt
522 3635 558 3700 ab
578 3636 636 3698 illis
663 3637 823 3716 episcopio,
853 3655 977 3712 quorum
1001 3641 1114 3701 nomine

362 3723 391 3786 S.
412 3719 743 3786 FULGENTIUS
771 3717 924 3803 monachis
952 3721 1111 3802 responsum

359 3801 542 3872 luculentum
560 3802 651 3902 dedit.
878 3823 880 3826 ⁴
1015 3803 1077 3869 Ple·
1118 3806 1121 3811 '
