2475 4450
342 541 417 629 176
516 551 576 608 nn
609 547 864 608 nocentur
903 549 997 606 sne.

593 701 635 810 §-
664 695 880 782 nxvur.

167 883 219 952 ss.
231 879 320 944 unt.
398 833 584 922 Unacum
619 828 740 918 fratre
764 830 836 915 suo
864 833 1097 919 Gnacour

166 985 241 1032 uus
261 964 289 1023 &
346 946 804 1059 Nptaenosmrsnrus
819 943 1010 1028 tactuum
1019 971 1099 1056 quar

166 1051 314 1198 fffis·
329 1081 336 1106 ·’
347 1084 434 1145 tum
447 1057 638 1144 doctrina
649 1058 674 1139 s
695 1054 860 1140 lendore
871 1052 1039 1139 mirifice
1049 1052 1099 1138 illt

167 1213 266 1281 onus.
345 1173 501 1268 mavit,
515 1192 636 1283 atque
679 1167 772 1252 dem
787 1165 1030 1252 santiiffimae
1043 1167 1099 1252 Tr

110 1299 113 1304 '
346 1286 506 1379 nitatis,
531 1305 670 1366 contra
697 1279 829 1364 hostes
853 1301 1099 1394 quoscunqu

266 1397 269 1406 '
348 1394 547 1509 intrepide
567 1393 855 1508 propugnavit.

435 1575 531 1637 Radix
542 1574 682 1647 santia&
695 1572 848 1635 benedicta
859 1571 898 1633 est
913 1572 940 1633 S.
956 1570 1015 1633 BA
1028 1568 1098 1633 SIL

391 1657 508 1721 Familia.
553 1657 682 1730 majores
701 1655 919 1732 issiustempore
938 1651 1100 1731 persecutio

392 1739 569 1804 manarat
581 1737 771 1798 secesserunt:
797 1738 833 1797 de
854 1736 957 1813 quibus
971 1735 1070 1798 fimitis
1086 1734 1100 1796 i

394 1821 528 1892 historia,
553 1839 586 1879 ac
611 1818 648 1879 de
661 1820 685 1879 S,
708 1817 849 1880 BLASI
863 1820 910 1890 Ο,
935 1833 1087 1891 narratur,

255 1893 266 1924 '
311 1955 321 1973 ,
394 1901 630 1982 praesentantibus
653 1900 708 1961 sese
730 1903 755 1961 ei
782 1903 894 1973 cervis,
918 1901 1049 1979 ferisque
1067 1899 1100 1962 asi

289 2046 297 2062 ,
396 1983 602 2062 correspondet
614 1985 701 2044 etiam
711 1983 813 2054 locus,
834 1985 987 2060 provincia
1001 1986 1101 2062 Cappa

246 2131 253 2147 ,
370 2109 372 2116 ·
396 2071 456 2131 ciae.
500 2067 636 2128 Germani
647 2065 704 2127 duo
714 2065 834 2127 illustres
847 2067 1032 2138 fuerunt,ac
1042 2067 1101 2128 sani

305 2213 314 2231 ‚
396 2152 458 2213 stmi
476 2149 576 2211 sarculo
596 2163 697 2226 quarto
716 2148 843 2227 episcopi
854 2150 881 2210 S.
897 2148 948 2209 PE
961 2148 988 2211 T
999 2149 1026 2210 R
1038 2149 1091 2210 US

297 2304 305 2319 ⁶
398 2234 475 2297 haste
501 2233 703 2307 intirmenia‚
739 2230 1043 2295 GREGORIUS
1067 2230 1101 2293 Ni

218 2387 226 2401 ‚
311 2343 329 2359 ··
398 2317 498 2380 multis
515 2315 621 2377 resinis
632 2316 740 2393 ingenii
754 2315 949 2376 monumentis
963 2312 1101 2377 clarissimi

397 2402 526 2463 furorem
543 2400 631 2459 etiam
656 2400 827 2459 rimanorum
848 2409 1007 2475 expertus,
1043 2398 1101 2474 dep

398 2497 446 2545 tus
465 2481 649 2559 episcopatu,
664 2478 827 2541 inexilium
843 2479 938 2556 pulsus
950 2479 997 2540 est.
1045 2480 1102 2541 Con

398 2562 638 2628 EUNOMIU
653 2562 688 2622 M
711 2562 833 2640 instgnes
859 2559 957 2622 'libros
984 2560 1096 2636 edidit,

400 2657 502 2708 contra
514 2642 748 2719 ripollinatistas:
772 2642 880 2723 scripsit
901 2645 988 2706 etiam
1009 2641 1101 2722 srngui

399 2741 445 2789 tet
461 2726 498 2787 de
512 2724 656 2787 Trinitate
667 2770 676 2797 ,
689 2738 791 2802 praeter
801 2726 869 2787 alias
883 2729 1016 2788 materias
1030 2726 1102 2788 chris

401 2807 595 2871 naedodtrinae
607 2808 729 2869 studiose
743 2810 939 2886 pertractatas.
985 2810 1008 2870 A
1028 2828 1102 2871 conc

398 2889 556 2969 cpolitano
569 2889 592 2951 Ι.
614 2903 748 2951 centrum
767 2891 984 2953 communionis
1004 2890 1102 2955 cathol

400 2976 433 3036 in
449 2973 540 3034 Ponto
556 2972 596 3033 est
614 2973 794 3034 constitutus,

444 3064 705 3126 &Basrnrus
732 3065 857 3125 afratre
880 3060 1103 3127 GREGOR'

401 3166 456 3209 eeu
471 3165 574 3224 parens
588 3147 627 3206 est
643 3145 778 3222 habitus,
803 3167 863 3206 non
887 3159 946 3209 tarn
969 3144 1008 3207 ob
1032 3158 1103 3208 aetatt

403 3249 488 3306 quam
511 3230 646 3289 meritum
659 3230 752 3303 vitae,
777 3232 805 3290 dc
822 3230 968 3290 doetrinae.
1014 3228 1043 3290 Is
1063 3225 1103 3291 ad]

402 3310 482 3373 clero
504 3310 661 3372 Caesarienst
685 3310 863 3389 adscriptus,
889 3310 945 3372 sese
970 3310 1006 3373 ab
1030 3310 1103 3389 episc

369 3407 372 3415 '
403 3393 445 3455 sui
457 3392 483 3454 D
496 3392 579 3454 IAN
592 3393 614 3455 E
627 3392 640 3455 1
664 3396 869 3455 communione
884 3393 1027 3469 semovit,
1052 3393 1091 3456 ob

403 3473 1054 3554 mulamAriminensemqbipsosubscriptam.
1097 3474 1103 3489 ⁴

405 3581 423 3618 L
437 3578 452 3617 n
467 3577 488 3616 ra
500 3577 543 3617 rr
563 3568 660 3619 autem
677 3558 863 3634 imperatori,
886 3561 1007 3637 ejusque
1019 3559 1104 3638 praese

404 3659 459 3720 pro
471 3639 529 3700 fide
538 3638 680 3701 catholica
690 3639 805 3701 sortiter
819 3641 939 3715 restitit,
961 3661 1058 3719 neque
1077 3662 1104 3702 ae

405 3736 468 3795 tare
489 3720 667 3786 oblationem
679 3722 861 3802 imperatoris
877 3723 1018 3804 suscipere
1038 3723 1104 3785 volu

1017 3804 1104 3874 Mace

171 1605 211 1684 (it
230 1587 310 1728 arpis
