2475 4450
173 547 295 630 ausa
322 554 592 612 cameron.
616 554 711 614 eae
732 554 815 613 v11.
859 539 930 625 263

127 729 129 734 v
205 699 345 776 Veteris,
360 703 388 762 a
405 702 482 762 novi
502 699 666 764 teihmenti
685 698 833 764 historiam
853 745 862 776 ,
886 722 922 764 ae

157 782 324 856 iniffionem
356 781 570 846 CHRISTI
594 782 705 846 Meffiae
741 786 920 860 admittunt,

156 887 214 947 pro
238 888 321 929 more
341 866 447 928 fabulis
482 865 678 929 involventes.
732 868 769 931 Μ
782 890 803 929 a
816 890 837 930 a
851 888 870 928 n
884 888 922 929 a·

158 949 711 1024 crosexALHASONnotat,
738 953 860 1013 innotis
882 951 921 1013 ad

157 1032 298 1095 Alcorani
307 1033 433 1111 primam
445 1037 572 1107 Suram,
588 1053 640 1094 eos
649 1047 760 1108 tenere,
775 1032 920 1098 DEUM

155 1119 287 1197 primum
299 1128 416 1178 centum
433 1118 596 1191 &quatuor
607 1116 698 1178 libros
715 1136 731 1177 e
747 1116 823 1194 coeio
834 1116 921 1178 dimi-

113 1263 118 1270 ,
155 1197 239 1272 fiffe,
252 1199 414 1275 horumque
430 1197 578 1259 scientiam
596 1200 628 1259 in
647 1212 771 1276 quatuor
788 1219 826 1262 ex
839 1197 918 1275 iuis,

155 1301 267 1360 nempe
279 1279 477 1360 pentateucho
489 1326 498 1353 ,
520 1280 673 1358 evangelio
687 1326 696 1355 ,
718 1280 875 1358 psalterio,
890 1284 919 1344 δι

156 1367 313 1430 Phorcano
327 1362 469 1443 posonio,
493 1363 601 1424 deinde
611 1378 704 1426 totam
714 1361 820 1428 horum
828 1364 921 1428 scien-

118 1447 120 1452 ’
155 1451 230 1512 tiam
255 1448 285 1508 in
306 1447 450 1509 'Alcorano
478 1444 631 1521 collocasse
653 1466 662 1521 ;
685 1460 778 1508 totam
800 1448 920 1514 demum

155 1529 456 1594 Alcoraniscienriam
473 1530 504 1589 in
526 1532 619 1606 prima
632 1531 694 1605 ejus
703 1535 781 1594 Sura
801 1529 922 1593 conclu-

111 1679 112 1686 *
156 1613 228 1676 srffe
274 1612 463 1691 Trigesrmam
483 1611 592 1673 sextam
605 1612 707 1673 Suram
719 1613 807 1675 etiam
826 1612 920 1694 smgu.

157 1697 258 1759 lariter
268 1696 426 1769 estimant,
440 1714 504 1755 eam
515 1714 565 1755 cor
577 1693 711 1757 Alcorani
721 1696 917 1759 nominantes.

158 1778 257 1843 Multa
270 1798 307 1841 ex
320 1780 432 1851 vereri,
454 1780 483 1839 Se
505 1797 586 1838 novo
603 1778 774 1840 testamento
792 1777 857 1841 sunt
874 1780 919 1839 in·

156 1861 252 1936 serra,
265 1860 423 1940 paffimque
435 1859 683 1937 patriarcharum,
697 1860 919 1941 prophetarum,

158 1949 188 2007 ἃ
207 1942 447 2021 evangelistarum
474 1945 585 2005 mentio
605 1945 745 2006 occurrit.
787 1944 921 2006 Historia

159 2031 235 2092 item
250 2029 371 2105 aprimo
384 2026 487 2087 mundi
499 2038 586 2100 ortu,
600 2028 754 2104 primoque
763 2026 850 2103 usque
869 2026 922 2088 ho-

157 2113 239 2174 mine
252 2155 261 2185 ,
283 2130 370 2188 quem
383 2110 509 2171 eundem
529 2128 630 2172 aenos
643 2109 773 2183 faciunt,
795 2112 827 2171 ἃ·
839 2109 922 2170 dein-

159 2214 230 2272 ceps
243 2193 495 2272 propagationem,
511 2194 538 2254 &
555 2190 754 2270 genealogiam
767 2190 921 2255 hominum

160 2273 920 2352 conformemcumscripturisstatuunt,sedfabulie,

159 2365 189 2426 ἃ
203 2358 429 2423 anachronismis
442 2359 588 2421 refertam.

207 2491 355 2570 Fingunt,
369 2491 400 2549 in
413 2488 560 2565 scripturis
572 2487 676 2550 nostris
687 2485 777 2551 multa
790 2486 828 2548 de
840 2484 873 2549 M
885 2504 921 2548 A·

159 2594 217 2637 no
234 2592 349 2633 nana
370 2571 453 2632 fuiffe
478 2571 603 2648 scripta,
620 2571 703 2634 seda
729 2569 865 2644 Judaeis,
890 2571 941 2640 ἃ,

159 2655 325 2722 christianis
344 2653 448 2715 deleta.
493 2654 678 2716 Nominatim
702 2655 790 2715 etiam
815 2648 921 2713 miffio-

160 2738 529 2802 nemMnHomanrs
549 2735 749 2818 inevangelio
771 2733 922 2811 JOAN·

158 2823 191 2887 N
204 2821 217 2883 l
229 2822 249 2883 S
269 2821 417 2899 proditam
432 2818 525 2882 fuiffe.
626 2856 628 2860 ·

210 2935 258 2996 De
270 2933 293 2995 C
303 2933 332 2995 H
343 2933 371 2994 R
381 2930 394 2992 1
406 2932 425 2993 S
436 2930 501 2994 TO
523 2932 600 2992 mira
609 2941 749 3005 narrant,
774 2940 804 2992 at
815 2926 923 2992 Filium

160 3015 321 3081 DEIeffe
334 3027 465 3092 negant,
486 3034 544 3076 nec
567 3027 666 3075 tamen
688 3032 757 3075 vere
775 3031 791 3074 a
814 3011 923 3085 Judaeis
964 3019 965 3022 ’

162 3099 340 3179 crucifixum
365 3098 533 3158 admittunt.
576 3097 608 3158 B.
631 3096 665 3158 V.
690 3093 923 3166 Maniam,

162 3180 252 3260 quam
265 3181 394 3242 sororem
408 3181 431 3243 A
444 3181 466 3241 A
478 3180 543 3244 RO
557 3179 586 3241 N
604 3177 662 3242 effe
677 3179 797 3253 dicunt,
812 3175 927 3238 sanetis·

162 3267 234 3331 fime
251 3266 422 3337 educatam,
448 3260 666 3340 &purifflmam
685 3261 745 3322 fine
757 3261 838 3321 omni
856 3279 926 3338 pec·

163 3363 232 3412 cato
245 3394 254 3419 ‚
269 3347 350 3409 ficuti
363 3347 449 3408 etiam
461 3345 484 3407 C
495 3345 524 3407 H
534 3345 561 3407 R
572 3344 585 3406 Ι
596 3345 614 3406 S
627 3343 654 3407 T
666 3344 691 3405 U
704 3345 723 3406 S
736 3389 746 3419 ‚
762 3344 853 3405 vitam
873 3342 926 3404 du·

163 3431 240 3494 xifie
256 3431 422 3492 admittunt.
469 3427 628 3505 Apostolos.
644 3429 731 3488 etiam
752 3424 924 3498 extollunt,

164 3513 437 3591 &magnifaciunt3
469 3523 499 3572 at
515 3510 684 3572 christianos
696 3509 733 3572 ab
746 3528 846 3572 eorum
856 3506 929 3585 legi·

163 3598 243 3671 bus,
259 3600 288 3662 ἃ
303 3594 449 3674 religione
460 3592 595 3656 defecisse
609 3594 735 3666 dicunt,
760 3595 792 3654 δι·
808 3610 862 3669 pro
883 3591 929 3652 in·

165 3678 449 3744 fedelihue'habent
493 3676 683 3739 Christianam
702 3675 876 3754 religionem
890 3672 931 3736 ad

165 3777 286 3830 certum
314 3773 431 3842 tempus
466 3758 578 3910 durage
603 3759 796 3825 contendunt
830 3755 932 3906 &ilu-
985 3756 986 3760 ’

524 3899 527 3905 -
579 3861 609 3924 ·4
