2475 4450
165 370 291 432 noer
316 356 588 439 curratur.
613 376 794 441 sncrv.
847 373 916 454 152
985 363 987 367 ’

148 520 214 596 lia,
245 523 279 582 in
298 487 428 600 Egypto
453 519 492 582 ob
519 520 734 604 Meletianum,
770 528 803 591 in
824 525 925 593 Africa

151 604 194 667 ob
215 604 435 668 Donatistarum
454 603 584 671 schisma.

199 760 323 824 Celebre
343 762 384 824 est
406 763 553 840 cirtense,
578 766 662 841 cujus
677 768 845 831 memoriaa
867 764 918 829 SS.
938 776 1002 847 An,
1019 788 1091 863 ,ομ

153 842 921 924 OPTATOva1c.&AUGUSTI-

154 925 188 989 N
200 928 230 989 Ο
256 928 295 989 est
307 926 498 1004 conservata,
523 952 687 1010 magnoque
700 932 762 999 usui
782 934 839 996 suit
851 949 922 996 con-

154 1022 206 1071 tra
224 1010 397 1074 Donatistas.
451 1013 497 1074 Ex
517 1016 587 1076 attis
609 1014 695 1090 hujus
726 1014 844 1080 concilii
869 1035 922 1093 pa·

155 1093 237 1168 tuit,
267 1098 399 1157 auctores
431 1095 520 1172 hujus
553 1095 710 1161 schismatis
735 1120 771 1162 eo
797 1099 941 1162 crimine,

156 1174 244 1237 fuisse
266 1179 456 1254 constrictos,
484 1182 565 1255 cujus
589 1180 671 1243 causa
698 1181 817 1244 schisma
840 1182 925 1243 exci-

161 1270 276 1335 tarunt,
293 1262 464 1324 traditionis
474 1265 614 1325 nimirum
623 1263 766 1327 librorum
775 1264 922 1327 sacrorum

840 1475 850 1505 2

160 1507 188 1567 is
209 1508 249 1568 est
271 1509 445 1585 damatus,
483 1514 563 1589 quod
586 1534 685 1575 coram
710 1512 838 1576 concisio
861 1530 926 1573 non

161 1595 348 1667 apparuerit,
373 1614 390 1655 a
411 1595 598 1658 traditoribus
620 1598 771 1660 ordinatus
794 1596 848 1671 fit,
875 1615 925 1658 co-

160 1672 294 1737 hibuerit
312 1696 383 1749 eos,
405 1679 456 1753 qui
476 1680 609 1755 vitium,
637 1694 797 1758 potumque
817 1681 849 1739 in
864 1698 928 1740 mr·

164 1757 281 1820 ceribus
294 1760 469 1838 martyribus
486 1761 656 1825 offerebant.
700 1764 760 1825 Res
780 1762 881 1839 postea
892 1762 926 1822 in

158 1839 293 1902 concilio
304 1841 466 1903 Romaesub
485 1843 519 1905 M
530 1844 640 1906 ILTI
652 1845 745 1908 ΑΒΕ
766 1845 806 1907 est
822 1841 928 1905 discus-

161 1921 211 1996 sa,
236 1924 549 1988 CECILIANUS
578 1928 743 2003 absolutus,
769 1928 807 1989 ad
828 1928 928 1988 extin-

163 2006 317 2082 guendum
341 2006 461 2069 schisma
483 2011 582 2071 onmia
603 2013 659 2071 rite
681 2012 834 2085 ordinata,
860 2026 931 2087 pro·

163 2086 317 2167 visumque
337 2089 484 2165 ecclefiis,
510 2091 562 2153 ubi
591 2092 652 2154 duo
680 2104 762 2154 erant
787 2090 930 2170 episcopi,
970 2146 973 2154 .

167 2185 306 2251 exparte
321 2172 555 2249 Donatistarum,
586 2178 614 2238 ἂ
631 2173 852 2238 catholicorum.
892 2173 933 2236 nt

163 2255 279 2332 judicio
297 2257 423 2318 Romani
444 2257 563 2320 concilii
584 2278 648 2320 non
675 2258 818 2321 cesserunt
832 2257 949 2325 Dona·⁴
1073 2257 1085 2286 ²

167 2339 261 2413 tistae,
278 2341 310 2400 id
322 2339 500 2416 potiffimum
511 2341 642 2417 causati,
666 2341 745 2419 quod
756 2339 838 2403 causa
859 2338 935 2401 FE=

165 2418 937 2503 LICIShanroucaur‚quiCECILIA·

168 2505 236 2567 NU
251 2505 287 2567 M
309 2506 477 2580 ordinarat,
503 2510 531 2568 dc
556 2527 623 2569 reus
650 2508 814 2570 traditionis
830 2503 936 2582 ageba-

168 2600 239 2660 tur,
267 2609 329 2648 non
352 2589 441 2650 fuerit
462 2591 634 2652 examinata.
693 2591 802 2652 Eorum
823 2588 933 2664 impor-

165 2673 288 2732 tunitati
309 2672 474 2734 cedendum
504 2687 581 2735 ratus
608 2668 928 2736 CONSTANTI-

167 2753 288 2825 Nus,
309 2775 370 2815 non
390 2754 484 2816 solum
515 2775 552 2816 ex
576 2759 648 2821 attis
667 2753 812 2834 publicis,
837 2753 937 2832 gestis·

170 2857 230 2914 que
242 2836 495 2914 proconsularibus
508 2837 530 2899 F
541 2839 564 2902 E
577 2839 625 2900 LI
635 2840 658 2901 C
669 2840 692 2902 E
704 2838 738 2902 M
753 2838 870 2916 purgari
892 2835 936 2898 fe·

169 2923 231 2992 cit3
265 2939 369 2982 verum
395 2922 483 2983 etiam
498 2921 530 2981 in
555 2921 681 2998 Galliis,
715 2933 749 2983 ut
776 2917 935 2983 Donatista
1003 2949 1016 2974 a

167 3003 337 3081 petierant,
360 3002 476 3066 celebre
497 3001 663 3084 §telatense
683 3001 842 3067 concilium
865 3020 937 3064 con·
952 2999 1017 3067 An
1030 3003 1099 3079 3143

169 3087 328 3163 gregavit,
362 3106 421 3163 quo
442 3087 651 3150 confluxerunt
673 3107 712 3150 ex
737 3099 799 3149 rota
818 3086 938 3162 Europa

171 3166 313 3246 episcopi.
367 3168 425 3229 Ubi
446 3169 618 3233 resuscitatae
642 3184 757 3234 veteres
783 3168 938 3232 calunmiae

168 3264 277 3313 contra
300 3251 651 3327 CECILIANUM,
676 3254 938 3330 atqueejusinno.

170 3335 272 3397 centia
293 3336 401 3396 iterum
413 3334 453 3396 est
468 3335 610 3413 prodita,
631 3339 659 3400 ἂ
678 3336 836 3399 Donatista
855 3336 939 3411 judi-

168 3439 202 3479 ce
225 3421 294 3480 DE
305 3420 356 3491 0,
373 3431 409 3479 ut
426 3417 537 3480 habent
565 3419 659 3483 verba
686 3418 811 3498 epistula
833 3415 938 3495 synodi

168 3500 262 3574 huius
283 3500 390 3562 Arelat.
408 3501 447 3562 ad
467 3500 804 3566 SILVESTRUM
818 3517 937 3577 papam,

175 3584 218 3662 &⁹
235 3597 332 3651 matre
354 3582 486 3667 ecclffa,
508 3605 570 3734 qai?
582 3583 654 3667 suus
675 3590 783 3659 novit,
809 3583 852 3736 {og
862 3601 940 3643 cunr·

585 3690 600 3752 5
781 3682 816 3752 ss
854 3677 923 3756 uis
