2475 4450
331 566 400 633 162
470 570 531 626 DE
565 568 819 625 DOCTRINA
844 568 933 625 SA'C.

369 715 513 792 crilegum
528 714 636 779 habere
661 715 817 776 videretur.
870 711 965 774 Variis
985 712 1122 791 apposnit·

368 799 598 873 conditionibus,
615 819 649 859 ac
658 796 936 873 interrogationibus
949 794 1034 857 tactis
1048 798 1120 860 UR-

368 880 535 955 SACIO‚
561 886 588 943 δε
611 878 855 953 VALENTI,
886 891 984 956 patres
1007 878 1119 942 satiele

365 964 526 1040 integritati
557 964 647 1042 fidei,
678 967 788 1038 optime
816 976 912 1022 autem
937 961 1004 1038 paci
1030 962 1118 1025 eccle·

365 1046 479 1107 fiasticae
496 1045 554 1109 nbi
584 1044 752 1108 consuluille
778 1044 962 1105 videbantur.
1008 1045 1045 1105 rlt
1070 1044 1118 1105 ho.

365 1128 453 1190 stibus
466 1127 535 1189 fidei
547 1130 646 1207 postea
659 1127 871 1200 insultantibus,
897 1129 926 1187 ἅ
946 1125 1069 1189 VALE
1081 1129 1119 1190 N-

366 1210 427 1274 TE
451 1211 585 1273 fraudem
612 1212 767 1288 detegente
793 1210 843 1287 (le
867 1209 993 1270 dicendo
1016 1209 1118 1272 Filium

365 1292 452 1361 DEI
469 1313 534 1354 non
554 1294 809 1366 effecreaturam,
836 1304 868 1353 ut
881 1291 943 1352 aliae
963 1290 1052 1367 sunt,
1063 1312 1121 1355 non

363 1375 498 1453 negasse,
532 1398 599 1439 eum
622 1382 739 1455 penitus
769 1388 930 1436 creaturam
960 1393 1025 1434 non
1044 1375 1119 1451 elle)

363 1458 453 1521 serius
473 1459 510 1520 ad
532 1460 561 1522 se
594 1462 746 1521 redierunt
766 1472 884 1535 patres,
916 1476 1120 1535 necunquam

363 1542 520 1605 restaurare
529 1555 688 1621 potuerunt
700 1538 842 1602 maculam
856 1540 905 1600 suo
921 1541 1040 1601 nomini
1059 1542 1120 1602 inu·

362 1624 455 1697 stam,
476 1645 509 1685 ac
528 1626 667 1686 damnum
687 1622 811 1684 ecclelrae
834 1620 954 1683 illatum.
1001 1623 1119 1685 Formo·

361 1706 392 1767 la
403 1707 586 1767 Ariminensrs
599 1706 728 1778 undique
741 1705 777 1762 ad
789 1703 1039 1780 subscribendum,
1050 1715 1118 1785 p‘rae-

361 1786 458 1858 sertim
475 1788 573 1863 postea
594 1786 645 1847 sub
666 1784 921 1855 VALENTE,
946 1788 1049 1865 milla,
1072 1810 1119 1852 ec.

360 1867 474 1929 clefiam
492 1872 620 1930 maxime
641 1866 829 1946 perturbavit.

353 2047 355 2059 ·
402 2016 540 2080 Seleuciae
560 2036 624 2077 rem
653 2015 748 2077 adhuc
782 2017 865 2092 pejus
883 2018 1047 2092 procedere
1072 2038 1122 2082 ne.

361 2097 434 2164 cene
454 2102 511 2164 fuit
519 2146 533 2175 ‚-
552 2101 604 2164 ubi
635 2096 793 2160 orientales
814 2112 896 2159 erant
917 2102 1040 2175 Ariani,
1069 2115 1118 2165 aut

360 2180 561 2259 semi-Ariani,
585 2182 691 2245 horum
715 2196 813 2244 tamen
828 2185 925 2259 potior
943 2181 1000 2245 fuit
1019 2182 1120 2247 nume‘·

358 2286 425 2328 rus:
450 2268 520 2329 hinc
544 2268 704 2338 factiones,
739 2269 766 2326 ἃ
795 2264 930 2340 dissidia,
974 2268 1115 2330 adunam

359 2361 459 2412 tamen
488 2351 577 2412 fidem
606 2347 903 2411 consubstantialitatis
934 2348 1112 2428 supprimen-

359 2430 427 2494 dam
461 2434 594 2494 omnibus
622 2431 857 2507 conspirantibus.

399 2563 598 2632 Crescentibus
626 2562 752 2639 partium
773 2564 871 2626 studiis
895 2564 971 2626 inter
983 2564 1111 2636 Arianos,

358 2656 386 2714 &
398 2650 618 2717 semi-Arianos,
642 2645 741 2721 saepius
754 2646 830 2707 inter
846 2666 895 2707 eos
910 2646 1039 2709 concilia
1054 2648 1114 2708 sunt

357 2733 465 2793 habita.
489 2731 530 2791 Ac
543 2726 722 2788 semi-Ariani
734 2730 823 2805 magis
839 2731 988 2807 magisque
1003 2729 1113 2793 veritati

358 2817 434 2878 circa
454 2811 636 2874 divinitatem
660 2808 726 2870 Filii
738 2811 918 2873 accellerunt
941 2814 972 2872 in
988 2811 1111 2873 concilio

188 2940 196 2957 .
268 2938 276 2955 .
298 2896 306 2915 ³
356 2895 574 2973 Lampsaceno,
595 2913 629 2954 ac
639 2893 736 2970 postca
751 2892 814 2954 aliis
830 2893 957 2956 diversis.
981 2893 1068 2957 lllilla
1077 2891 1111 2954 ad

355 2978 435 3043 LIB
446 2978 530 3041 ERI
541 2977 567 3038 U
579 2973 615 3037 ln
627 2975 732 3051 Papam
745 2975 890 3053 legatione
913 2976 1041 3054 eousque
1057 2973 1110 3038 cel·

356 3062 475 3137 serunt,
497 3076 530 3125 ut
561 3056 717 3120 concilium
749 3058 922 3136 Nicaenum,
960 3063 989 3122 &
1013 3076 1111 3122 vocem
1144 3106 1146 3126 .

358 3135 531 3246 ipoa'm&
549 3164 730 3240 reciperent:
755 3167 837 3240 cujus
851 3167 892 3226 rei
904 3210 913 3240 ‚
927 3166 1060 3243 deputati
1080 3165 1109 3226 in

267 3291 276 3311 .
357 3245 484 3309 concilio
510 3244 653 3322 Tyanensr
677 3248 837 3309 rationibus
862 3249 1021 3326 expositu,
1053 3247 1111 3309 lau·

356 3328 445 3402 dem,
477 3328 773 3403 &approbationem
806 3343 994 3405 meruerunt,
1026 3344 1109 3407 atque

355 3413 388 3474 in
410 3407 535 3473 concilio
556 3410 684 3472 Tarsenfi
712 3411 829 3489 publice
860 3414 1013 3477 Nicaenam
1030 3413 1109 3492 syno-

207 3562 209 3566 .
279 3546 282 3551 ,
356 3495 427 3558 dum
443 3491 639 3568 susceperunt.
683 3495 812 3556 Fuerunt
836 3507 953 3570 tamen,
991 3497 1043 3574 qui
1061 3514 1109 3573 po·

178 3645 183 3654 s
322 3620 324 3625 -
355 3579 414 3640 {lea
431 3576 462 3635 in
479 3574 562 3635 Caria
575 3576 701 3638 concilio
725 3591 901 3656 congregato
917 3581 1031 3646 caeteris
1044 3597 1107 3656 pro·
1145 3582 1147 3590 ’

355 3659 431 3721 batis
460 3675 564 3719 vocem
586 3657 676 3722 solam
703 3660 950 3725 consubstantialis
978 3663 1106 3737 rejicien·
1143 3602 1148 3747 l

356 3741 594 3821 dampnarent.
656 3797 658 3800 .
737 3800 739 3804 Α

962 3790 1070 3888 cana
