2475 4450
285 542 366 609 210
473 544 530 602 DE
556 543 810 601 nocnnlnn
835 544 926 605 SAC.

330 694 474 775 petierat,
503 691 537 755 id
557 692 638 771 quod
661 693 750 755 etiarn
772 713 789 756 a
812 689 968 755 catholicis
981 688 1074 754 fadum
1118 744 1126 773 ,

333 777 383 841 en
1121 803 1126 812 ·

374 855 1076 937 IgiturexvotoomniumTHEODOSIUS
1120 857 1126 917 ἶ

332 941 446 1005 litteras
471 941 521 1003 dat
554 941 593 1002 ad
631 942 839 1003 convocandos
864 939 1012 1017 Ephesum
1032 942 1077 1017 epi-

330 1024 445 1105 scopos.
499 1023 622 1102 Jamque
644 1019 811 1102 frequentes
838 1036 940 1101 patres
963 1023 1079 1101 undique

330 1107 613 1174 terraromaderant
638 1106 738 1179 Solum
750 1106 875 1179 adhch
884 1106 913 1168 Ο
925 1107 949 1167 Α
961 1106 1027 1168 ΝΝ
1037 1105 1078 1167 ES

331 1189 533 1272 Antio-chenus
546 1210 615 1252 cum
626 1188 682 1252 suis
703 1189 946 1268 exspectabatur,
965 1191 1017 1268 qui
1037 1189 1082 1250 sto·

332 1273 414 1339 diose
432 1273 603 1349 tardarunt-3
626 1273 776 1350 visumque
794 1272 927 1351 patribus
947 1292 1017 1335 eum
1032 1273 1083 1335 diu·

320 1360 392 1423 ⁴tius
411 1376 474 1418 non
493 1354 659 1436 praestolari.
703 1355 789 1418 Solus
808 1374 876 1417 cunr
896 1354 945 1417 sua
964 1356 1083 1417 factione

332 1436 658 1508 Nrsronrossese
667 1438 811 1518 opposuit,
823 1458 882 1515 quo
891 1456 956 1498 non
965 1437 1085 1500 obstante

334 1522 496 1591 concilium
517 1520 658 1585 celebrari
673 1535 804 1600 coepturn
825 1520 885 1595 est,
912 1535 1009 1603 atque·
1021 1522 1050 1583 N
1061 1541 1104 1602 ιι·Δ

335 1627 443 1673 suos
455 1624 524 1668 rus
542 1602 672 1684 legitime
692 1616 835 1679 vocatus,
857 1602 929 1666 dum
940 1624 1006 1666 non
1017 1623 1088 1667 corn·

331 1703 436 1771 paret,
454 1688 587 1750 doetrina
605 1689 669 1764 ejus
688 1689 874 1765 examinata,
896 1707 931 1750 ac
945 1688 1086 1764 danmata,

300 1826 305 1832 .
333 1774 395 1854 ipse
414 1770 564 1849 depositus
577 1769 627 1833 en

375 1887 492 1950 Interea
508 1885 555 1961 Jo
567 1907 589 1948 n
599 1906 624 1948 u
634 1906 658 1948 u
669 1907 685 1949 t
698 1907 712 1949 s
732 1885 933 1951 Antiochenus
947 1906 1016 1951 cum
1027 1907 1090 1966 qua·

231 1994 233 1996 ’
334 1971 470 2049 draginta
493 1968 684 2033 orientalibus
710 1970 852 2050 episcopis
874 1972 1019 2034 advenit:
1046 1971 1090 2049 qui

335 2056 365 2118 S.
385 2053 443 2117 ΟΥ
455 2074 475 2113 n
487 2074 498 2113 1
510 2074 529 2113 ι
542 2076 560 2113 c
570 2075 591 2116 u
601 2076 626 2115 rr
649 2052 688 2114 ob
717 2053 974 2117 anathematismos
997 2056 1089 2132 potius

334 2140 413 2200 inter
422 2156 488 2198 reos
500 2181 510 2209 ‚
524 2156 560 2199 ac
567 2136 742 2212 judicandos
754 2136 810 2198 esse
820 2136 978 2199 voluissent
989 2183 998 2211 ,
1010 2156 1091 2215 quam

334 2234 370 2284 ut
389 2222 414 2283 is
435 2218 561 2282 concilio
595 2220 688 2296 judex
711 2219 884 2297 praesideret
939 2220 1043 2298 Itaque
1064 2220 1089 2282 S.

335 2303 1091 2381 citittun‚&ME1nNONEMEphe.

335 2387 430 2449 srnum
451 2387 626 2465 deponunt,
652 2385 780 2463 reliquos
803 2400 900 2464 patres
925 2407 942 2448 a
966 2408 1091 2450 commu-

334 2474 425 2532 nione
437 2469 485 2531 sua
493 2483 667 2542 removent,
682 2470 761 2546 quod
781 2469 903 2530 viciffim
913 2484 1013 2548 patres
1025 2490 1090 2532 con-

334 2552 396 2616 cilii
418 2552 537 2613 faciunt
582 2550 942 2614 anDIDIrtNUS
982 2573 1088 2626 comes,

335 2637 388 2712 qui
406 2634 540 2695 servandi
564 2634 675 2695 ordinis
698 2634 779 2696 causa
794 2636 980 2712 imperatoris
1001 2638 1089 2696 nomi·
1117 2641 1126 2726 f

335 2736 375 2778 ne
391 2715 518 2778 concilio
531 2717 653 2790 aderat,
678 2717 834 2778 fattionem
851 2719 1039 2782 orientalium
1051 2719 1088 2780 fo

335 2800 382 2862 vit
403 2799 481 2876 apud
500 2800 714 2877 imperatorem.
759 2800 855 2862 Patres
874 2814 974 2863 autem
989 2802 1086 2864 choros
1109 2832 1126 2854 υ

335 2881 567 2958 monachorum,
606 2887 635 2945 ἃ
661 2883 798 2944 abbatum
825 2885 862 2944 ad
886 2886 1086 2962 imperatorem
1106 2864 1126 2939 ns

336 2967 498 3045 propitium
521 2965 705 3027 reddendum
727 2965 870 3042 ablegant.
915 2966 998 3029 Inter
1020 2986 1086 3046 quos
1115 2960 1126 3044 Ι

334 3048 495 3128 plurimum
518 3048 610 3110 valuit
633 3049 660 3109 S.
672 3049 698 3109 D
711 3050 734 3109 A
745 3049 767 3109 L
779 3048 811 3111 M
825 3048 945 3111 ATIU
958 3051 976 3112 S
991 3096 1000 3123 ,
1025 3050 1087 3113 dum
1116 3084 1126 3146 Ι

335 3134 380 3193 rei
403 3131 504 3194 seriem
526 3132 695 3208 imperatori
719 3133 862 3208 exponit,
888 3145 975 3208 atque
999 3133 1038 3194 ob
1062 3153 1087 3193 o·

336 3213 420 3278 culos
438 3215 543 3292 ponit,
568 3234 655 3289 quam
677 3215 829 3292 indignum
841 3214 876 3275 srt
896 3218 984 3276 unius
1002 3215 1088 3276 homi·
1118 3200 1126 3255 Ι

336 3300 383 3359 nis
398 3297 595 3376 patrocinium
607 3296 718 3357 sumere
743 3314 845 3358 contra
865 3305 914 3360 sex
928 3297 1021 3360 millia
1035 3299 1088 3376 epi·

334 3380 509 3458 scoporunr,
533 3380 582 3455 qui
607 3378 722 3440 suorum
741 3379 1037 3457 metropolitanorum
1058 3380 1087 3443 E·

335 3463 416 3542 phefi
436 3473 678 3540 congregatorum
699 3461 789 3524 fidem
806 3466 838 3525 ¹dt
864 3463 1030 3526 doctrinam
1053 3463 1087 3525 so·

336 3556 502 3626 querentur.

376 3659 498 3722 Interim
516 3658 604 3738 legati
623 3660 695 3722 Cot
708 3683 725 3719 u
737 3680 753 3719 r
764 3680 777 3721 s
788 3677 810 3720 r
823 3682 834 3719 1
846 3679 870 3721 u
884 3681 894 3720 r
919 3661 1086 3733 adveniunt,

333 3744 496 3828 gestaquea
511 3740 638 3809 concilio
649 3741 843 3822 confirmant,
866 3759 957 3823 prout
969 3747 1001 3892 ig
1014 3763 1088 3890 gan·

997 3848 1014 3891 a
1038 3847 1051 3891 t
