2475 4450
189 558 309 617 rosa
349 558 796 641 carternitanum
827 507 830 514 ¹
862 558 910 633 ἰι

152 706 246 769 cundi
266 704 386 779 saeculi,
415 705 565 783 antiquam
574 702 703 770 habuisse
714 706 913 785 traditionem,

151 790 219 854 CH
232 789 261 853 R
274 788 290 852 Ι
303 790 323 851 S
337 788 364 852 T
377 788 404 851 U
415 788 451 851 M
470 788 640 852 mandatum
666 790 774 852 dedisse
802 790 916 868 aposto-

148 870 188 935 Ais
203 888 287 948 ,nne
311 884 379 935 ante
404 890 497 935 annos
518 872 678 937 duodecim
704 870 916 954 Hierosolymis

152 958 280 1018 exirent.

190 1039 283 1102 Haud
303 1040 394 1119 magis
419 1050 532 1103 certum
560 1038 672 1119 aliquid
697 1027 782 1103 statii
806 1040 912 1120 potest,

154 1144 215 1201 quo
238 1122 342 1201 -finguli
361 1122 483 1201 apostoli
498 1124 631 1188 abierint.
675 1123 712 1187 In
735 1123 916 1187 bibliotheca

153 1207 234 1284 regia
252 1204 410 1268 Galliarum
432 1205 647 1307 mmuscripmq
673 1206 797 1271 habetur
818 1208 917 1271 codex

157 1289 207 1351 sub
227 1288 260 1351 S
272 1288 544 1352 EPIPHANII
563 1294 688 1354 nomine
698 1311 775 1370 qur
766 1291 918 1370 designat

153 1372 239 1447 loca,
274 1371 328 1435 ubi
353 1371 539 1450 evangelium
561 1375 749 1471 praedicarint
782 1371 916 1455 apostoli,

155 1456 287 1531 mortui,
309 1454 462 1534 &sepulti
482 1455 555 1531 sint,
583 1456 667 1519 seda
688 1457 796 1522 criticis
817 1459 918 1520 autio-

155 1541 271 1600 ritatem
298 1558 361 1599 non
387 1540 509 1616 accepit
564 1541 593 1602 S
617 1538 918 1603 GREGORIUS
935 1542 1019 1610 Orat.
1031 1524 1086 1624 αξξ

157 1622 256 1684 an.
285 1624 428 1719 regiones
448 1622 589 1699 quasdam
611 1616 762 1698 recenset,
794 1624 828 1684 in
848 1641 920 1701 quas

154 1705 295 1785 precipui
311 1704 508 1785 apostolorum
522 1707 708 1807 evangelium
723 1705 893 1771 detulerint.
978 1745 981 1750 -
1008 1732 1013 1742 ¹

193 1855 243 1919 De
264 1826 415 1919 nonnullis
440 1876 457 1917 a
478 1855 617 1921 diuturno
644 1870 779 1957 tempore
812 1858 918 1935 ingens

154 1937 263 2001 lisett
307 1938 629 2016 SWEUSEBIUS
653 1939 919 2020 quifidemfacit

155 2020 302 2099 historiae,
313 2022 362 2083 de
385 2019 491 2085 litteris
509 2024 617 2087 mutuis
639 2021 917 2088 CHRISTUM

154 2106 233 2169 inter
255 2110 286 2169 δι
307 2103 556 2171 ABGARUM
578 2127 686 2186 regem
703 2106 841 2183 Edessae,
878 2123 918 2167 ex

155 2187 286 2268 publicis
318 2185 424 2250 tabulis
444 2188 525 2252 urbis
554 2187 636 2253 illius
655 2190 779 2266 haustae,
818 2152 919 2264 refert,
1035 2215 1037 2218 ·

155 2277 288 2352 primuni
306 2272 344 2334 ad
359 2291 427 2334 eum
440 2293 561 2351 regem
581 2275 668 2348 juxta
689 2269 921 2336 CHRISTI

155 2356 328 2435 promissum
342 2353 424 2416 fuisse
442 2355 556 2418 missum
578 2355 647 2418 TH
658 2357 721 2419 AD
735 2357 761 2417 Ι)
775 2356 810 2418 AE
822 2355 850 2415 U
863 2354 919 2417 M:

160 2461 251 2518 quem
283 2430 368 2501 multi
395 2458 457 2500 non
474 2436 638 2518 apostolum
660 2437 678 2512 J
688 2435 854 2511 UDAM,
872 2435 922 2498 sed

157 2525 282 2586 fratrem
294 2521 495 2585 THOMAE
515 2523 648 2596 faciunt,
649 2481 924 2598 aquoTHAD
958 2558 959 2561 =

160 2606 306 2672 Draus
329 2603 426 2667 missus
445 2605 482 2667 fit
492 2605 634 2668 Edessam
677 2603 735 2667 Alii
755 2623 818 2666 rem
829 2615 924 2665 totam

161 2694 195 2752 in
218 2689 341 2751 dubium
362 2702 490 2751 vertunt.

204 2774 253 2836 De
277 2770 451 2836 PETRO
482 2773 647 2833 Romanam
669 2770 738 2849 post
768 2768 925 2833 Antioche

109 2884 110 2887 ¹
160 2876 234 2921 nam
255 2854 399 2917 fundante
418 2854 567 2918 ecclesiam
585 2854 859 2933 protestantes1am
881 2856 927 2914 in

162 2939 367 3017 dulgentiores
385 2937 473 3013 sunt,
502 2958 559 3001 nec
577 2937 680 2999 saltem
711 2875 926 3000 PETl-RUM
1022 2938 1023 2943 ’
1061 2984 1064 2992 .

162 3026 270 3089 Romae
285 3019 369 3082 fuisse
388 3021 539 3100 amplius
530 3041 562 3082 ιιι
582 3021 705 3083 dubium
724 3033 841 3082 vocant.
878 3019 927 3081 De

162 3109 256 3171 fratre
287 3102 667 3174 PETRIANDREA
699 3122 762 3164 non
784 3102 927 3166 solumin

165 3188 297 3254 Thracia
313 3185 404 3249 fidem
426 3188 624 3266 predicante,
653 3184 813 3252 sedetiam
835 3184 929 3248 eccle·
1004 3264 1008 3271 ι

164 3275 237 3337 siam
248 3271 444 3368 Byzantinam
456 3271 622 3345 fundante,
643 3290 677 3331 ac
690 3271 817 3348 primum
828 3281 932 3330 tenen

167 3371 221 3431 te,
242 3374 289 3416 res
308 3355 412 3416 nititur
436 3373 529 3432 graeca
549 3353 616 3427 fide.
661 3353 707 3415 De
731 3355 760 3416 S.
780 3349 932 3415 PAULI

170 3443 204 3502 in
222 3435 392 3514 Hispaniam
418 3440 570 3512 adventu,
590 3456 649 3515 quo
667 3455 720 3514 per
733 3435 862 3498 Gallias
853 3436 932 3507 ierit,

169 3521 222 3587 etsi
244 3521 407 3585 multorum
439 3481 603 3584 sandordm
631 3534 748 3598 patrum
769 3518 934 3582 testimonio

169 3605 275 3670 asserta
294 3625 342 3667 res
362 3605 416 3679 fit,
438 3617 537 3667 tamen
556 3606 688 3667 aditores
703 3603 846 3665 dubitant.
881 3597 937 3661 Hi-

169 3691 202 3770 sp
204 3691 254 3752 ani
292 3687 410 3751 dehac
436 3709 474 3751 re
489 3707 551 3750 non
581 3700 736 3765 tantopere
757 3680 938 3748 contenderi

172 3777 248 3841 dum
280 3772 412 3852 babent,
441 3791 549 3854 quam
568 3770 606 3833 de
624 3767 850 3848 Jacobs,
884 3762 943 3834 filii

537 3851 598 3931 E4
776 3850 908 3920 Zeu·
