2475 4450
223 375 344 433 rosr
387 377 662 435 cunrsrun.
697 379 838 440 sunr.
890 372 936 455 ες

155 522 256 586 hm·
269 521 549 603 supererogatoriis,
571 544 607 586 ac
624 522 794 601 coelibatui,
820 528 848 590 ἃ
874 525 939 589 soli-

127 621 129 625 ·
155 637 157 642 ·
173 606 290 669 tudinis
310 606 428 682 studio,
447 606 498 670 seu
517 606 729 682 monachatui„
750 627 806 672 nec
818 609 938 673 obscure

174 691 383 767 purgatorium
394 690 558 768 agnoscere.
593 691 660 752 Nec
675 691 810 754 omnibus
826 692 935 773 placet,

176 773 262 849 quod
285 772 357 835 duos
377 772 492 851 lingulis
518 771 685 837 hominibus
707 775 938 852 geniosqunurn
1031 782 1035 792 “

178 856 344 933 aequitatis,
378 856 502 918 alterum
524 856 683 933 iniquitatis
711 857 933 933 adjudicaverit„

176 937 290 1001 Facere
312 940 399 1002 etiarn
414 940 529 1001 videtur
551 937 687 1021 angelum
704 939 854 1017 reptilium
864 959 937 1022 prae·

176 1021 278 1082 fidem.
293 1021 484 1084 Recentrores
493 1021 611 1098 quidam
623 1021 686 1099 post
699 1023 752 1085 SA
763 1023 790 1085 N
801 1023 828 1086 D
840 1023 890 1086 IU
901 1022 937 1087 M

179 1104 938 1169 exHERMAtestimoniacontraCHRlSTI

178 1186 366 1249 divinitatem
385 1186 590 1267 protulerunt3
630 1186 679 1249 sed
710 1186 788 1251 haud
809 1188 935 1263 felicius,
1041 1236 1044 1240 »

177 1290 266 1347 quam
287 1290 325 1331 ex
351 1270 415 1332 aliis
438 1270 569 1348 patribus
597 1270 814 1334 ante-Nicaenis.
856 1270 938 1335 Olim

178 1354 237 1427 iarn
259 1352 538 1416 CASSIANUS
563 1372 617 1431 pro
650 1352 955 1432 semi-Pelagianifinu¹
979 1408 981 1412 .

179 1455 216 1497 ex
237 1455 274 1497 eo
293 1436 489 1498 testimonium
502 1435 619 1510 retulit,
634 1434 683 1497 sed
696 1456 712 1497 a
732 1436 889 1509 PR082P
900 1436 937 1500 Ε,
953 1430 992 1491 ln
1002 1429 1093 1493 ⁶⁰11&-

179 1518 245 1580 RO
283 1520 345 1593 ejus
374 1520 531 1581 auctoritas
564 1516 731 1597 fimpliciter
755 1520 863 1595 rejedia
884 1518 939 1584 est„
952 1531 978 1573 0·
995 1527 1041 1590 30.

177 1601 242 1663 Nec
267 1601 472 1677 diffitendum,
509 1601 564 1663 effe
587 1601 727 1679 quaedarn
748 1604 781 1663 in
804 1622 847 1663 eo.
870 1620 937 1664 non

179 1684 264 1745 bonae
287 1698 364 1746 notae
387 1706 412 1748 e.
426 1706 452 1763 g.
481 1686 517 1747 de
545 1682 689 1762 baptismo
708 1682 841 1747 fidelinm
867 1700 935 1749 ante

178 1766 476 1841 CHRISTUM,
500 1768 564 1846 post
590 1783 723 1829 mortem.
780 1766 944 1831 Nihilomi-

178 1850 361 1996 Mrffi‘}
382 1849 760 1996 MMMMMM
773 1849 941 2011 Min

175 2029 238 2079 tum
261 2035 357 2094 nuper
380 2032 483 2095 putat,
504 2017 671 2094 quicunque
698 2014 861 2076 Hunnu
884 2033 936 2094 pa·
952 2043 1109 2117 'judicium

168 2099 279 2179 florem
297 2119 359 2199 non
380 2101 496 2179 quidem
519 2099 694 2160 canonicum
703 2140 716 2171 ,,
737 2095 788 2158 sed
806 2098 942 2162 ecclefia-
952 2126 987 2184 de
996 2128 1023 2188 ς,
1037 2128 1109 2187 Her,

177 2204 279 2267 sticum
303 2212 489 2287 wvmypm
525 2200 697 2279 judicavere
733 2206 852 2283 optimae
883 2205 1106 2285 iro-manaste-

178 2307 232 2361 ωε,
256 2289 285 2347 &
306 2282 560 2362 propugnaculum
576 2285 645 2347 fidei
665 2286 938 2353 catholicaeaduer-
954 2307 993 2351 re.

178 2370 220 2431 i'us
245 2368 282 2430 M
294 2368 322 2429 O
333 2367 360 2427 N
371 2367 397 2428 Τ
409 2366 492 2430 nul
509 2370 653 2432 duritiem.
700 2370 789 2447 Quod
810 2374 889 2436 enim
899 2373 937 2436 de

178 2455 266 2514 unica
292 2465 405 2512 tantum
426 2451 599 2527 poenitentia
615 2451 722 2528 habet,
745 2454 777 2516 id
793 2454 940 2519 deeccle-

178 2535 285 2597 srastica
307 2535 391 2609 juxta
431 2532 611 2613 disciplinam
644 2536 821 2599 constantem
846 2538 940 2602 eecle-

177 2618 219 2680 srae
235 2615 371 2695 pluribus
394 2615 490 2678 adhuc
509 2618 572 2696 post
600 2616 629 2678 H
640 2617 663 2680 E
675 2619 701 2681 R
714 2618 748 2682 M
758 2621 782 2682 A
793 2620 829 2683 M
853 2621 945 2686 saecu-

178 2700 232 2775 lis,
253 2698 416 2777 explicari,
438 2699 627 2777 excusarique
651 2702 760 2782 potest..

218 2832 248 2894 S.
273 2827 543 2893 CLEMENTI
569 2831 706 2892 Romano
723 2828 862 2907 pontifici
877 2825 942 2904 plu

181 2935 209 2976 ra
234 2914 403 2975 tribuuntur
424 2931 532 2990 opera3
556 2912 702 2976 affertiora
721 2913 862 2976 sunrduae
878 2910 940 2984 ejus

181 2995 305 3074 epistolae
331 2997 367 3056 ad
391 2995 571 3058 Corinthios.
612 2997 658 3060 Aa
674 2995 712 3058 de
737 3015 795 3058 una
819 2994 938 3072 quidem
1039 3062 1045 3073 ἢ

180 3079 291 3142 'nullum
315 3078 437 3140 dubium
459 3078 651 3157 relinquitur,
673 3097 735 3157 quae
761 3078 865 3140 ordine
879 3075 941 3152 pri·
1033 3086 1038 3095 ’

180 3183 223 3227 ma
245 3161 389 3224 habetur:
425 3176 543 3239 putatur
567 3175 667 3224 autem
690 3161 753 3239 post
782 3158 939 3223 secundam

181 3245 305 3324 scripta,
332 3265 397 3322 quae
422 3244 522 3306 saltem
543 3246 641 3322 quoad
663 3245 855 3321 posteriorem
875 3259 944 3318 par·-

181 3345 236 3390 tem
256 3351 273 3391 a
292 3327 445 3405 plerisque
465 3326 692 3404 protestantibus.
721 3327 811 3389 foetus
837 3320 940 3388 CLE·

180 3411 243 3474 ΜΕ
256 3412 286 3474 Ν
299 3410 381 3474 TIS
402 3428 465 3469 non
483 3409 612 3472 habetur.
661 3407 794 3488 Epistolae
814 3409 942 3486 quinque

184 3499 357 3567 decretales,
379 3495 575 3554 Itinerarium
586 3539 602 3566 ,A
612 3495 848 3570 Recognitioner‚
868 3492 941 3548 Con·

176 3577 346 3657 stitutiones
374 3573 563 3653 apqliolorum
580 3575 652 3637 falso
674 3577 737 3650 ejus
758 3570 871 3633 nomini
897 3568 944 3630 in-

549 3657 576 3723 F
599 3678 614 3740 3
840 3652 914 3721 {qu
