2475 4450
311 367 389 465 248
444 361 527 437 -ur'
548 341 817 439 noconiun
842 373 941 442 sne.

354 544 414 605 que
428 525 655 602 circumcursans
676 570 685 600 ,
707 524 859 605 episcopos
880 572 891 607 a.
914 528 945 590 ἃ
967 520 1038 587 alios
1057 521 1096 589 dr·

356 610 434 678 ricos
454 605 612 681 suae'ffiae
627 611 747 676 creavit.
792 609 876 671 Idem
899 619 1019 671 mortuo
1031 610 1099 673 etian‘
1124 602 1161 667 ri

358 691 532 763 Srvrno'
550 691 778 772 eisuccelsorem
805 690 1048 761 SERGIUM
1064 692 1097 754 dn

358 773 404 837 dit
416 798 457 853 ,a
471 797 529 855 quo
543 778 681 854 deinceps
692 774 777 837 series
792 775 1028 852 patriarcharum
1038 775 1098 857 laen
1133 767 1161 830 ῐ

357 854 486 925 bitarum
504 861 542 923 ad
559 858 641 922 hunc
652 857 740 936 usque
753 859 833 924 diem
843 859 1013 928 deducitur,
1138 870 1161 928 ξ

402 943 456 1006 AS
467 965 483 1004 r
494 965 515 1006 v
527 964 543 1005 r
555 964 576 1004 r
588 963 607 1004 o
624 946 711 1004 ctiam
732 941 808 1004 stant
820 941 1048 1022 corrupticolae,
1066 944 1099 1021 qui
1140 949 1161 995 1

359 1025 597 1089 CHRISTO
638 1044 744 1103 corpus
777 1038 846 1087 ante
878 1024 1102 1096 resurrestiontm
1150 1041 1161 1076 ⁴

359 1109 552 1187 corruptibile
564 1105 740 1171 tribuebant.
785 1107 1103 1187 Incorruptioolaesecu
1153 1124 1161 1153 ἰ

357 1192 524 1272 putabant,
539 1193 619 1271 quod
640 1191 706 1253 satis
735 1191 966 1276 perspicerent,
994 1197 1107 1257 tuncir

359 1275 485 1339 CHRI
499 1275 593 1339 STO
615 1274 796 1339 confitendas
829 1274 884 1336 else
906 1276 982 1347 duas,
1005 1289 1106 1345 naturas

359 1358 601 1437 corruptibilem,
615 1355 920 1445 &incorruptibilem

401 1483 540 1559 Agnoetae
555 1482 644 1562 etiam
668 1478 817 1557 fingularis
841 1478 908 1542 sunt
929 1478 1111 1559 Monophysr·

358 1576 454 1629 tarum
473 1565 570 1637 seda,
592 1565 642 1640 qui
658 1561 890 1632 CHRISTO
916 1565 1112 1633 variarumre·

307 1672 315 1690 ιλ
358 1668 425 1710 rum
439 1648 634 1724 ignorantiam
653 1643 840 1719 tribuebant3
863 1643 936 1708 licet
956 1666 1048 1717 unam
1059 1661 1111 1709 tan·

318 1790 320 1793 ,
357 1741 422 1792 tum
444 1729 634 1807 agnoscerent
651 1729 684 1795 in
706 1746 743 1793 eo
767 1742 925 1804 naturam,
948 1730 1113 1809 atqueadeo

356 1813 523 1892 ignorantia
537 1813 569 1873 in
591 1812 723 1873 divinam
744 1824 877 1878 naturam
897 1812 1083 1875 redundaret

398 1893 552 1959 Tritheitae
561 1898 681 1958 auetore
701 1894 721 1955 P
734 1893 761 1955 H
772 1891 785 1955 Ι
796 1893 818 1955 L
829 1894 888 1958 ΟΡ
900 1895 969 1957 ΟΝ
982 1896 1011 1959 O
1034 1898 1113 1958 etiam

357 1999 396 2042 ex
415 1978 631 2057 Monophylitis
650 1975 716 2039 sunt
726 1976 807 2051 orti,
830 1996 864 2045 ac
877 1996 981 2047 eorum
994 1977 1113 2057 figularis

237 2080 241 2096 ·
347 2061 610 2129 ,settahabenturz
636 2061 707 2122 dum
727 2060 805 2128 enim
827 2058 1112 2123 Puruorouur

358 2141 548 2223 distingueret
564 2142 759 2223 hypostafina
780 2154 907 2217 natura,
924 2145 969 2205 in'
982 2144 1006 2207 C
1019 2142 1112 2207 HRl-

357 2228 452 2292 STO
471 2250 560 2290 unam
575 2240 710 2310 tantum,
737 2227 770 2295 in.
790 2223 937 2299 Trinitate,
954 2241 1017 2300 tres
1037 2241 1113 2290 natu,

353 2331 403 2376 ras
423 2311 529 2375 statuit

1159 2283 1161 2292 r

1155 2305 1161 2315 ι

1151 2364 1161 2422 l

608 2458 823 2573 §.nou
1153 2467 1161 2506 ¹

127 2629 202 2709 oua
221 2627 255 2690 in
368 2603 602 2696 Concilium
629 2605 817 2719 generale,
845 2608 1017 2694 unicum
1040 2601 1107 2692 ful
1154 2693 1161 2703 ⁴

126 2709 259 2808 ⁰⁰¹¹f³¹fi⁸
313 2713 562 2803 celebratum
576 2715 657 2802 hoc
675 2717 818 2809 saeculo
842 2715 978 2816 sexto,
1004 2719 1130 2832 Cpo«
1160 2782 1161 2806 2

123 2813 279 2952 {ffim’
313 2825 484 2913 liranum
499 2830 544 2916 ll.
570 2827 687 2944 cujus
704 2831 864 2922 decreta
883 2854 1026 2917 contra
1044 2833 1106 2914 tria
1160 2894 1161 2898 a

100 3010 102 3027 .
123 2977 162 3025 ιο
176 2961 231 3021 trra
240 2978 293 3058 pa.
313 2939 486 3054 capitula
505 2968 591 3027 non
612 2942 684 3026 nifi
701 2940 918 3035 difficulter
934 2945 1108 3030 aVror·

124 3040 270 3189 Pst²¹¹³3j¹f¹
311 3079 394 3142 uo
416 3079 548 3164 papa,
572 3079 618 3140 ac
641 3053 765 3140 serius
790 3057 913 3140 etiam
940 3057 985 3139 in
1009 3055 1109 3140 occi-

119 3139 256 3273 {faor
312 3161 799 3281 denrefueruntrecepta.
828 3164 1113 3280 Conciliapar·

312 3274 492 3365 ricularia
501 3279 605 3361 circa
614 3281 742 3365 varias
751 3278 933 3376 haereses,
950 3277 1109 3392 praesen

312 3394 387 3478 tim
410 3389 514 3476 circa
541 3389 791 3504 disciplinam
815 3389 1110 3477 ecclefiastieam

81 3606 84 3612 ,
178 3510 185 3523 ”
252 3517 258 3524 ’
310 3502 440 3598 multa
448 3502 632 3628 undique
646 3527 846 3594 terrarum
859 3501 953 3596 sunt
967 3498 1112 3596 habire.

1035 3655 1078 3728 ur
