2475 4450
173 544 293 604 POST
327 544 580 606 cunisam
603 544 683 605 SBC.
714 544 753 604 V.
845 543 919 617 231

154 709 277 754 morum
286 691 392 753 acriter
404 691 593 768 perstrinxit,
607 692 735 769 quodam
746 690 827 766 loco,
839 685 921 755 aliud

154 773 296 853 agendo,
311 773 578 852 concupiscentiam
589 788 704 837 tantum
721 775 785 854 lege
797 774 919 853 positiva

154 856 337 936 prohibitam
356 855 412 932 esse
425 856 506 919 dicit.
552 856 918 921 &VALERIANUS

155 940 266 1017 (cujus
282 959 356 1018 opus
369 984 379 1014 ,
394 940 498 1016 viginti
509 937 690 1005 sermonibus
711 941 866 1016 constans,
883 943 919 1003 de
1020 973 1022 978 ·

154 1018 419 1103 anomalam,
435 1022 516 1085 sm
530 1022 748 1087 nouous
765 1024 852 1087 nous
868 1021 918 1086 aa
941 1005 1012 1069 Μ
1029 1021 1071 1085 o·

157 1105 227 1180 dit)
240 1104 311 1168 licet
324 1103 486 1167 dosirinam
507 1106 544 1166 de
563 1108 654 1183 gratia
673 1105 773 1185 saepius
795 1106 915 1182 asserat,
931 1104 961 1167 s·
985 1094 1058 1164 614,

156 1187 291 1267 quaedam
300 1201 417 1260 tamen,
430 1209 493 1266 quae
504 1187 540 1249 ab
551 1208 649 1251 errore
659 1188 741 1252 semi·
751 1188 919 1269 Pelagiano-

155 1270 836 1432 misss‘l{ttsbr2055tsalsbsstni
848 1272 919 1434 ils:

155 1434 252 1499 lulum
270 1436 429 1499 declinavit
451 1435 547 1514 quoad
559 1437 862 1514 praedestinationem,
884 1444 918 1499 in

155 1519 270 1582 caeteris
304 1532 402 1582 tamen
429 1520 570 1581 dostrinae
596 1520 624 1582 S.
648 1520 705 1582 Au
718 1541 795 1582 cus
810 1540 917 1583 rrur

156 1601 378 1676 consentiebat,
395 1601 632 1680 propositumque
647 1601 767 1679 habuit,
787 1603 917 1666 sanetum

156 1686 309 1747 duetorem
341 1684 531 1759 consulendi,
555 1699 588 1747 ut
614 1686 643 1748 S.
673 1686 693 1747 P
706 1706 754 1747 no
766 1707 779 1747 s
791 1706 808 1747 1²
821 1706 837 1747 n
849 1705 868 1747 a
883 1688 917 1748 in

156 1767 278 1847 epistola
293 1769 330 1830 ad
342 1769 370 1832 S.
386 1769 441 1829 Au
453 1786 586 1829 cusrr
601 1787 693 1831 uun
706 1769 803 1831 refert.

203 1871 345 1933 Omnium
365 1871 396 1931 in
418 1869 473 1932 hac
488 1891 520 1932 re
532 1871 652 1933 minime
674 1872 854 1936 excusandus
876 1870 920 1934 est

154 1952 211 2016 Fa
223 1954 250 2015 U
263 1954 282 2016 S
292 1954 320 2015 T
331 1954 357 2015 U
369 1954 387 2014 S
400 1953 569 2031 Regiensis,
585 1955 616 2015 in
635 1953 698 2017 aliis
711 1957 799 2019 etiam
815 1956 917 2033 capiti·

153 2036 209 2097 bus
234 2055 296 2097 non
322 2034 388 2097 satis
404 2037 610 2110 orthodoxus,
634 2057 720 2115 quem
745 2041 821 2101 inter
842 2037 918 2101 alios

153 2118 413 2181 Memnonos
445 2118 780 2183 CLAUDIANUS
809 2120 918 2182 refuta·

154 2202 202 2264 vit
213 2248 224 2275 ,
239 2222 307 2265 cum
319 2202 467 2265 videretur
480 2201 599 2264 asserere
612 2248 622 2278 ,
640 2201 663 2264 C
675 2203 703 2265 H
714 2204 741 2267 R
751 2202 766 2265 l
777 2204 795 2266 S
806 2202 832 2266 T
843 2201 916 2268 ΗΜ

153 2288 188 2346 in
217 2285 370 2347 divinitate
405 2285 464 2363 ipsa
488 2283 598 2362 palium
634 2283 689 2348 eise
715 2332 724 2361 ,
761 2285 915 2364 >solumque

151 2369 182 2430 D
193 2368 217 2429 E
228 2369 253 2428 U
267 2367 301 2430 M
315 2368 370 2429 elle
385 2370 592 2446 incorporeum
608 2413 617 2443 ,
644 2370 724 2445 quod
745 2366 845 2431 multis
870 2387 915 2430 ra·

151 2450 286 2512 tionibus
302 2451 425 2528 probare
439 2451 606 2526 nitebatur,
633 2472 704 2531 quas
723 2451 773 2514 sub
789 2469 915 2513 examen

152 2548 245 2596 vocat
268 2534 290 2595 C
301 2534 323 2595 L
334 2534 428 2596 AUD
441 2534 453 2594 l
467 2535 525 2595 ΑΝ
538 2534 563 2595 U
575 2535 602 2596 S.
670 2534 755 2597 Circa
791 2535 914 2613 gratiam

152 2618 286 2679 creditur
298 2637 443 2678 venenum
457 2616 574 2678 haufiffe
597 2638 614 2678 a
626 2615 644 2692 J
654 2617 681 2678 U
691 2616 738 2679 LI
751 2618 812 2680 AN
823 2619 850 2680 0
863 2616 915 2680 Pe-

150 2700 272 2777 lagiano
283 2745 292 2773 ,
305 2700 382 2777 apud
395 2700 416 2760 F
428 2700 449 2760 l
459 2700 486 2760 U
497 2701 514 2761 S
527 2699 635 2762 TUM
646 2698 822 2777 aliquamdiu
834 2719 915 2761 com-

153 2796 312 2856 morante,
338 2783 406 2844 dum
435 2781 505 2843 esset
530 2781 616 2845 ltalia
640 2782 746 2860 pulsus.
791 2782 914 2847 Occasio

152 2881 255 2928 autem
279 2884 343 2926 eam
369 2866 519 2927 materiam
546 2865 758 2927 uastandifuit
778 2865 914 2928 LUCI-

153 2947 274 3011 DlUS
299 2947 472 3025 presbyter,
499 2950 549 3024 qui
574 2963 685 3009 temere
704 2947 913 3024 accusabatur,

153 3030 235 3110 posse
246 3028 371 3107 aliquem
380 3029 438 3091 sola
449 3033 546 3107 gratiae
556 3032 667 3093 virtute
679 3031 737 3094 sine
749 3030 795 3093 sua
805 3051 922 3109 coope·-

153 3115 269 3176 ratione
292 3111 348 3174 elie
372 3112 493 3175 salvum.
538 3112 628 3175 lllulti
650 3113 708 3176 LU
722 3114 805 3176 CIU
817 3114 867 3176 lU
879 3113 915 3178 M

154 3195 316 3270 excusant,
339 3195 361 3257 F
375 3217 425 3258 nu
440 3217 453 3257 s
468 3215 489 3256 τ
501 3216 543 3257 us
556 3210 654 3258 autem
665 3196 759 3258 asemi
768 3236 780 3249 -
789 3195 916 3274 Pelagia-

154 3279 249 3340 nismo
264 3277 395 3340 excusari
410 3281 530 3357 nequit,
545 3281 665 3358 ejusque
677 3280 809 3342 dostrina
825 3281 913 3342 etlam

154 3365 186 3424 in
199 3364 313 3425 oriente
328 3362 427 3423 turbas
443 3361 597 3424 excitavit..

203 3477 714 3555 QuainrePOSSESSORIS
731 3478 831 3540 liricae
852 3479 915 3556 epi·

154 3560 257 3640 scopi,
274 3575 345 3623 tunc
358 3559 444 3639 Cpoli
468 3559 635 3638 praesentis,
659 3560 809 3624 confilium
824 3559 914 3624 secuti

155 3643 298 3708 monachi
313 3643 452 3723 Scythae,
477 3645 508 3705 in
518 3642 643 3705 Africam
660 3642 822 3706 consultum
832 3643 916 3707 mise·

155 3741 244 3793 runt:
263 3727 357 3792 ubis.
376 3725 723 3882 FULPGUNTIUM
745 3726 914 3874 Fabellam
