2475 4450
257 507 259 509 ’
298 546 391 628 ’344
500 553 556 608 ou
587 553 822 610 nocemus
850 541 952 613 sse.

131 695 256 760 maxime
318 699 448 810 magis
478 700 717 828 magisque,
741 699 843 784 dum
861 721 881 794 ‚²
899 700 1116 788 inveterata

131 777 263 925 ἓξὲξ
318 806 524 897 schismate
552 808 764 909 orientali,
794 810 961 900 labente
985 811 1118 898 saeculo

131 963 231 1027 gnum.
319 948 518 1034 magnum
527 920 627 1007 illud
643 922 1117 1011 occidentaleaeceflitin-

322 1054 391 1117 ter,
407 1031 618 1145 pontifices
641 1035 866 1133 Rom-anm,
891 1032 1014 1120 nullo
1029 1040 1119 1150 ‘qui
1153 1023 1157 1110 Ι

306 1175 308 1179 ’
324 1136 421 1233 dem
431 1143 546 1242 fidei,
564 1149 846 1257 pausantem,
862 1145 1121 1244 ecflorismi-
1155 1171 1158 1188 ·

322 1259 519 1371 gorisque
546 1258 789 1346 ecelefiastiei
805 1263 990 1349 maximo
1009 1258 1122 1347 detri-

322 1393 479 1459 mento,

411 1518 447 1583 In
465 1519 578 1582 oriente
599 1516 745 1582 christiani
770 1517 945 1582 schimatici
971 1518 1127 1584 cervicibus

323 1659 326 1664 .
369 1602 427 1668 suis
449 1602 652 1666 incumbentes
671 1602 907 1667 Mahumedanos
935 1603 1125 1681 patiebantur,

369 1686 529 1763 exquibus
551 1686 748 1747 Ottomanidae
764 1700 851 1763 caput
863 1685 1059 1760 extulerunt,
1073 1684 1128 1748 lon·
1159 1746 1161 1758 ,

370 1789 410 1848 ge
421 1767 536 1845 lateque
561 1767 713 1830 dominatu
732 1767 876 1845 protenso.
923 1768 1066 1831 Intestina
1076 1768 1130 1845 qui·
1159 1791 1161 1802 ’

372 1852 442 1911 dem
458 1870 560 1913 eorum
580 1847 694 1912 diffidia
709 1850 788 1927 spem
804 1864 982 1925 erexerant,
1002 1866 1087 1929 atque
1097 1848 1129 1910 ad

326 1986 329 1991 .
370 1931 450 1995 bella
470 1931 548 1996 sacra
563 1932 749 1998 occidentem
771 1934 858 1997 etiam
873 1954 936 1997 non
951 1933 1045 1997 semel
1061 1934 1129 1995 exci-

371 2027 527 2088 severant,
548 2014 597 2080 sed
612 2013 718 2090 nullo,
742 2030 793 2084 aut
812 2016 979 2080 frustraneo
1004 2014 1129 2079 succeffu.
1158 1988 1161 2069 ,³

370 2096 472 2161 Unum
484 2096 616 2160 solatium
630 2098 727 2161 attulit
739 2098 857 2177 prosper
870 2098 1018 2163 succeffus
1034 2097 1131 2165 miffio-

373 2180 897 2257 nisJOANNlSdemouus
924 2183 1132 2247 Convruo

372 2265 545 2338 Minoritae,
574 2267 603 2324 in
632 2265 800 2342 AEthiopia‚
830 2265 944 2341 Perfia,
976 2267 1131 2342 India,&

372 2347 506 2412 Tartaria
518 2347 616 2412 multis
629 2347 755 2412 millibus
772 2348 833 2411 CH
847 2348 898 2412 Rl
911 2349 972 2412 ST
985 2351 1013 2413 Ο
1028 2368 1132 2410 nomen

313 2495 318 2498 ,
337 2466 344 2501 5
372 2431 534 2502 dantibus,
561 2431 778 2511 &baptizatisz
814 2450 882 2508 rege
898 2434 990 2493 etiam
1013 2433 1132 2510 quodam

356 2563 358 2566 -
373 2533 413 2579 ex
425 2513 765 2585 settaNestorianorum
781 2516 907 2590 quierat
923 2515 963 2578 de
977 2515 1082 2578 illustri
1092 2535 1133 2593 ge·

374 2616 446 2659 nere
462 2598 537 2674 'regis
551 2598 648 2674 magni
663 2598 828 2675 presbyteri
851 2596 869 2671 J
880 2617 932 2659 oa
945 2618 971 2659 u
986 2619 1010 2662 n
1025 2619 1086 2674 rs,
1102 2596 1131 2659 ad

373 2677 525 2740 catholicae
539 2679 664 2741 ecclesiae
678 2681 818 2758 gremium
830 2680 985 2743 redeunte.

417 2760 572 2822 Pontifices
588 2763 624 2824 ab
640 2764 760 2825 ineunte
773 2761 875 2824 saeculo
892 2762 1046 2826 elafficum
1059 2784 1133 2827 cane·

373 2843 446 2906 bant
475 2844 512 2904 ad
528 2842 637 2905 bellum
655 2846 787 2920 sacrum,
821 2865 904 2923 reges
937 2849 966 2908 ἃ
991 2850 1133 2927 principes

372 2947 431 3008 per.
462 2926 604 3000 litteras,
639 2931 666 2990 δι
707 2932 831 2991 nuncios
859 2928 1025 2992 hortantes.
1071 2933 1134 3008 Spes

373 3013 482 3085 etiam,
510 3014 538 3072 ἂ
551 3010 723 3074 desiderium
739 3015 879 3086 injedtum
904 3014 1025 3090 imperii
1041 3013 1134 3092 Cpoli·

372 3095 456 3167 tani,
470 3091 519 3154 sed
528 3093 694 3156 frustranea.
739 3093 905 3172 ffliquandu
917 3097 1041 3172 quidem
1057 3117 1132 3175 reges

331 3181 335 3187 '
371 3175 524 3249 Francia,
539 3177 648 3253 Cypri,
676 3180 703 3239 &
717 3177 814 3240 Daciae
825 3193 928 3240 contra
941 3178 1058 3241 Turcas
1078 3201 1136 3242 cru·

372 3280 407 3321 ce
423 3258 590 3338 apontifice
609 3258 676 3321 sunt
697 3260 817 3338 fignati,
843 3260 892 3323 sed
904 3281 985 3322 mors
1008 3264 1126 3342 inopina

370 3342 497 3405 duosum
515 3344 729 3420 praecipuorum
740 3343 886 3406 frustravit
901 3359 1053 3408 eventum.

416 3426 581 3488 Maximum
602 3440 700 3488 autern
716 3427 960 3504 impedimentum
972 3429 1135 3504 injecerunt

371 3511 526 3588 propiores
545 3529 643 3582 curae,
678 3509 849 3570 &intestina
867 3508 965 3584 mala,
979 3510 1133 3574 fimultates

370 3591 546 3671 pontificum
557 3611 623 3653 cum
636 3592 825 3670 principibus.
871 3591 966 3654 Afine
982 3593 1131 3672 superioris

370 3673 1130 3746 saeculiinterBONIFACIUMVIII.&PHI-

367 3755 564 3832 altrum
591 3756 846 3842 Puucuauu
868 3759 1129 3905 acerrimaebferve·

1045 3851 1096 3907 ant
