2475 4450
282 539 360 626 384
448 546 505 605 nr
539 536 802 602 noer-nutu
834 544 940 601 rac.
1069 304 1103 574 d

325 654 368 731 Hi
382 682 443 726 nec
462 652 705 725 Mennonitarunr
724 655 816 721 etiam
849 649 1033 735 baptismum
1051 651 1101 720 tad

325 763 391 813 tum
412 745 522 808 habent
541 742 815 826 perrasperfionem
841 740 1003 806 collatum.
1033 804 1035 808 ,
1098 757 1101 766 “

367 830 404 896 In
428 827 577 906 colloquio
599 846 645 888 an.
665 843 751 904 1571.
775 816 1083 889 inFranckenthalin·

323 923 371 977 ter
391 931 442 974 eos
458 957 468 986 ,
493 916 521 974 dt
535 904 723 973 Reformatos
740 908 867 983 habito,
898 922 1011 992 praeter
1033 929 1083 972 con·

261 983 301 1090 s
325 996 406 1059 sueta
429 1014 532 1057 eorum
555 994 711 1072 dogmata,
743 985 863 1069 quaeffio
888 994 985 1055 etiam
1004 993 1039 1056 de
1055 992 1107 1056 di.

324 1075 482 1142 'stinttione
505 1073 692 1155 personarum
704 1065 913 1151 inTrinitate‚
940 1068 1038 1154 deque
1055 1077 1086 1152 ju·

327 1161 499 1223 stificatione
538 1178 576 1220 ex
598 1147 658 1221 sola
673 1152 756 1233 fide,
800 1169 836 1220 ac¹
866 1150 1087 1237 apprehendant

326 1243 504 1305 obedientiae
524 1230 764 1316 CHRISTI,
796 1241 977 1317 decarne,
1001 1262 1089 1305 anea·

317 1328 398 1405 ¹dem
414 1346 477 1404 qua
498 1345 603 1399 nunc,
641 1319 799 1402 aliquando
819 1320 855 1384 in
885 1321 1088 1389 resurrectione

327 1403 363 1471 iit
378 1409 502 1483 futura,
527 1415 613 1470 mota'
629 1407 678 1470 est.
697 1482 700 1487 .
722 1406 855 1469 Fuerunt
877 1409 1037 1484 nimirum,
1052 1407 1090 1487 qui

328 1489 529 1574 Trinitatem,
572 1512 607 1554 ac
636 1482 829 1554 Divinitatem
856 1482 1089 1567 CHRISTI,

331 1573 541 1653 consequenter
578 1569 677 1638 etia'm
699 1569 918 1636 redemtionem
956 1575 1091 1655 negabant

331 1660 484 1735 dicentes,
511 1676 578 1720 eum
608 1669 723 1721 tantum
751 1677 805 1719 ceu
836 1657 1017 1737 exemplum
1040 1652 1093 1720 imi·

331 1742 455 1804 tandum
480 1740 510 1802 se
535 1740 622 1803 nobis
647 1739 843 1819 proposuiffe:
886 1741 1091 1822 consequenter

330 1826 422 1885 etiam
443 1836 597 1902 peccatum
624 1823 766 1902 originale
802 1821 927 1889 tollunt
975 1825 1044 1889 Fuit
1061 1844 1091 1887 ex

329 1898 822 1982 iiiisJaoUTERMANN,
849 1909 902 1985 qni
929 1908 970 1971 de
989 1909 1093 1992 Divini-

330 1991 424 2051 nitate
449 1988 632 2068 corporalem
654 2003 829 2068 conceptum
848 1988 966 2055 habuit.
1025 1990 1093 2055 Alius

332 2074 532 2151 proditionem
554 2072 571 2147 J
580 2093 602 2133 u
614 2093 635 2134 n
647 2096 673 2135 ru
690 2074 835 2151 probavit.
890 2073 942 2137 De
958 2074 1094 2138 Trinitate

331 2157 479 2236 praecipue
514 2155 750 2219 turrinus
790 2155 1015 2222 EEGHEM
1041 2178 1093 2238 per·

332 2239 415 2301 verse
455 2239 562 2311 sensit,
629 2242 657 2302 dc
700 2241 905 2302 Gnrruus
956 2241 1093 2305 ABRA-

332 2321 363 2384 H
377 2322 515 2384 AMBZ
540 2323 742 2385 Socinianismi
767 2322 996 2401 accusatusest‚
1025 2325 1092 2388 unde

332 2406 424 2467 etiam
453 2403 603 2467 Galerristae
626 2405 692 2468 sunt
715 2408 795 2468 ditti.
877 2428 884 2438 ’

375 2488 554 2550 Referuntur
578 2505 666 2567 porro
700 2489 783 2551 ‘setta
807 2503 913 2551 eorum
948 2489 1091 2563 Adamita,

332 2567 496 2646 Bacularii,
522 2564 719 2645 Clancularii,
740 2570 908 2646 Manife'sti,
928 2573 1091 2648 Sabbatarii,

333 2653 534 2729 Daemoniaci,
571 2653 706 2716 Dauidici
741 2652 776 2716 ab
809 2655 866 2716 illis
892 2656 1090 2736 distinguendi,

334 2736 1093 2815 quiaGaoae.DAVIDEsresuntdidti,se

333 2816 492 2890 Meffiam,
516 2823 544 2879 dr
567 2819 1092 2887 tertiumDAvruumaCHRl·

333 2899 442 2962 STO
466 2903 697 2978 praenunciatur'n
719 2903 844 2966 dicente.

393 2982 437 3044 Ab
479 2985 671 3064 Anabaptistis
724 2985 835 3065 sejungi
886 3002 951 3050 non
997 2987 1096 3052 debent

334 3063 633 3144 Schvrenckfeldiani,
645 3068 668 3131 L
678 3068 705 3130 U
715 3069 742 3130 T
751 3069 780 3130 H
790 3069 812 3131 E
823 3069 849 3131 R
860 3069 889 3132 0
904 3092 1011 3135 coaeva
1020 3072 1095 3146 serta,

337 3150 421 3223 cujus
444 3162 543 3212 tamen
565 3165 628 3212 non
647 3150 784 3229 palmaris
809 3172 891 3214 error
911 3155 971 3216 fuit
1003 3155 1097 3218 anaba·

337 3230 467 3310 ptismus.
503 3234 611 3297 nostor
624 3253 724 3311 eorum
739 3234 771 3297 C.
789 3234 1098 3301 SCHWENCK·

338 3313 573 3396 FELDIUS
597 3317 831 3381 CHRISTO
855 3338 961 3383 veram
988 3333 1098 3384 carnem

203 3400 206 3403 ’
337 3399 478 3473 negavit,
513 3400 598 3477 eique
632 3400 699 3478 post
739 3398 956 3465 exaitationem
989 3405 1097 3468 divinas

336 3480 441 3541 tribuit
462 3485 676 3559 proprietates,
712 3503 779 3545 cum
798 3485 847 3546 SS.
863 3485 1015 3550 Trinitate
1036 3507 1098 3550 corr-

335 3563 469 3640 jungens.
512 3565 577 3627 Nec
600 3566 840 3644 praedicationem
879 3569 967 3632 verbi
1001 3571 1096 3644 divini,

337 3663 395 3706 nec
416 3645 590 3722 baptifinum
609 3668 664 3727 pro
687 3649 787 3710 medio
803 3649 918 3732 habuit,
948 3675 1010 3736 quo
1020 3649 1098 3734 Spiri-

282 3791 301 3814 ,
335 3727 573 3800 munionides
589 3730 738 3809 illuminet
756 3733 813 3799 &a
990 3813 1012 3898 Ι

360 3833 366 3888 ,ἶ
1011 3839 1063 3889 ute

1114 3874 1128 3985 t
