2475 4450
330 599 380 673 92
488 596 548 654 nt
584 587 846 651 nocrnrnn
870 587 963 645 sac.
1003 613 1010 638 1

372 764 472 807 rerum
493 741 626 806 omnium
645 738 846 817 principium,
884 740 1008 800 Patrem
1027 749 1092 811 appe

369 828 485 903 latum,
505 825 683 889 creationem
704 834 802 882 tamen
818 818 920 882 mundi
946 816 1092 892 angelistr

311 950 313 954 -
371 910 501 973 buebant
532 906 635 970 nto
665 902 754 983 longe
777 901 998 985 inferioribus,
1041 902 1092 979 eiqr

368 992 543 1075 refragariis.
608 1035 613 1045 .

419 1207 1093 1280 VALENTINUShicmaxinredeliravit

368 1299 442 1371 ioco
466 1300 562 1362 uniub
583 1296 671 1375 primi
699 1294 867 1372 principii,
915 1313 952 1355 ac
974 1294 1093 1358 divinita

373 1383 459 1450 unius
474 1380 570 1454 DEI,
590 1377 729 1442 creatoris
740 1376 827 1452 coeli,
849 1379 878 1439 ἃ
890 1392 987 1451 terra,
1011 1379 1093 1457 trigin

371 1467 469 1532 Eones
482 1464 531 1529 seu
541 1463 686 1528 saeculain
699 1462 792 1527 varias
814 1458 913 1523 classes
933 1460 1093 1523 divifionei

250 1600 258 1616 .
372 1554 419 1613 aa
438 1549 582 1626 procudit.
628 1541 848 1623 Systemasoum
868 1542 917 1606 alii
930 1562 1002 1606 eum
1023 1542 1094 1608 exli

373 1632 440 1696 bala
461 1630 601 1711 accepiffe
623 1641 745 1708 potant:
771 1625 850 1703 quod
876 1626 1055 1706 respondeat
1076 1624 1094 1687 d

373 1716 446 1795 plici
469 1710 678 1779 Kabalistarum
699 1709 908 1791 philosophia,
929 1708 1094 1774 doctrinas

374 1798 594 1877 phitonem
618 1795 656 1858 de
669 1801 792 1873 quatuor
807 1793 943 1870 mundis,
968 1796 1012 1857 ita
1033 1796 1094 1859 uti

155 1874 157 1883 ’
212 1890 249 1947 ’ς
375 1886 466 1943 nibus
492 1878 641 1957 Sepbiroth
672 1876 875 1957 respondeant
934 1875 993 1940 Alii
1012 1874 1094 1941 volui

377 1964 519 2044 syzygias
537 1960 601 2024 suae
613 1980 682 2024 eum
702 1981 739 2023 ex
754 1957 872 2023 diversa
891 1958 1059 2023 notioribus
1080 1978 1095 2039 p

375 2051 479 2127 ganis,
501 2042 864 2125 poetic,&philosophis,
885 2041 1095 2106 HESIODi

375 2126 716 2202 PYTHAGORA,
738 2125 995 2200 pattoni,
1025 2126 1095 2189 aei

377 2213 514 2293 gyptiaca
534 2208 720 2291 philosophia
742 2209 906 2290 collegiffe,
947 2222 979 2272 ut
1002 2207 1094 2273 Valen

376 2295 563 2361 niarriEonec
578 2297 610 2356 in
632 2293 735 2357 ssmiles
760 2294 859 2357 classes
886 2291 1060 2370 diviserint,

241 2430 247 2444 .
303 2428 311 2444 .
376 2380 508 2460 AEgyptii
529 2377 594 2441 suos
617 2378 698 2440 deos.
742 2377 917 2451 Diabolum,
931 2375 1003 2438 teste
1016 2377 1044 2438 S.
1058 2376 1095 2439 A‘

376 2464 438 2526 GU
450 2464 468 2525 S
480 2461 508 2524 T
519 2460 533 2524 1
548 2461 578 2525 N
589 2461 616 2522 0
627 2505 637 2534 ,
662 2480 678 2521 a
689 2460 833 2537 trigesimo
845 2461 927 2522 Eone
942 2458 1096 2536 productus

377 2548 528 2608 auctorem
549 2541 635 2618 hujus
657 2544 757 2603 mundi
778 2543 933 2606 faciebant
986 2540 1078 2616 Juxta

175 2678 181 2693 .
213 2675 221 2690 .
250 2674 257 2690 .
290 2666 300 2692 0
376 2623 634 2689 IRENAEUM
655 2623 763 2703 triplex
787 2645 880 2704 genus
901 2623 1096 2687 hominumii

376 2708 518 2781 tuebant,
541 2705 739 2781 terrestrium,
774 2707 962 2782 animalium,
997 2705 1047 2770 seu
1068 2710 1096 2787 pi

377 2790 550 2865 chicorum,
579 2788 816 2867 &spiritualium
861 2790 959 2855 Plures
972 2789 1096 2853 habuit<

375 2871 529 2951 scipulos,
562 2872 695 2951 ibitque,
731 2875 801 2936 teste
822 2871 1089 2938 TERTULLI

375 2957 468 3032 ΝΟ,
501 2954 614 3018 haerefis
638 2954 701 3018 haec
731 2959 862 3019 omnium
895 2954 1097 3019 numerofiffin

377 3036 433 3102 Alii
458 3040 610 3119 principiis
630 3039 755 3117 magistri
777 3040 959 3114 infistebant,
983 3038 1033 3101 alii
1054 3039 1091 3101 ab

376 3121 413 3184 lis
429 3121 642 3186 deflectebant:
658 3125 733 3186 inter
755 3143 827 3200 quos
837 3123 1005 3188 Antitatiici
1016 3121 1097 3186 DEU

377 3207 495 3284 quidem
519 3205 645 3268 univerfi
665 3218 848 3281 creatorem,
886 3227 920 3268 ac
942 3217 1059 3284 patrem
1082 3224 1097 3267 n

375 3289 466 3351 strum
487 3287 563 3362 eise,
598 3303 684 3366 atque
707 3292 806 3352 omnia
825 3289 901 3351 bene
922 3287 1022 3352 feciiie
1046 3308 1097 3369 agn

282 3415 292 3435 .
376 3371 521 3447 scebant3
555 3375 710 3449 quamdam
731 3388 830 3434 tamen
851 3385 1054 3436 creaturarum
1072 3374 1098 3449 ej

378 3455 493 3518 fontem
516 3453 660 3519 maiorum
683 3455 849 3532 produxisse
869 3502 878 3530 ,
918 3468 1007 3534 atque
1031 3474 1098 3518 omn

375 3538 531 3614 homines,
559 3559 577 3601 a
600 3538 701 3603 DEO
724 3537 836 3602 alienos
858 3539 971 3614 factos,
1008 3538 1098 3602 infeci

376 3620 533 3697 dicebant,
555 3642 642 3701 quam
657 3623 745 3683 etiam
766 3622 909 3686 DEUM
931 3621 1098 3684 nominabat

377 3705 573 3784 videnturque
601 3702 698 3782 legem
718 3703 870 3778 Judaicam
902 3706 1000 3768 eidem
1032 3703 1098 3769 adic

377 3787 465 3876 psriie.
509 3788 605 3854 anm
629 3786 799 3851 Archontici
819 3808 930 3852 nomen
950 3788 1034 3851 soum
1067 3787 1098 3848 hi

1012 3890 1094 3935 acce
