2475 4450
168 560 781 627 rosr,cun1sruur..sne.av.
825 547 905 640 175⁴

138 714 169 774 in
187 708 318 773 concilio
339 705 532 783 Seleucienlr,
556 710 603 773 cui
618 709 747 788 ,praesens
770 711 898 788 primum

137 795 267 868 aderat,
292 791 363 853 fidei
384 793 581 869 integritatem
600 791 743 869 lacelliri,
766 792 896 869 feceffit,

138 876 284 955 Cpolique
305 875 511 951 imperatorem
520 875 729 954 interpellans,
749 874 899 954 publicam

135 960 250 1022 deiide
272 960 476 1019 tractationem
497 960 602 1037 petiit,
629 971 663 1021 ut
681 979 747 1037 pars
775 972 900 1037 utraque

137 1044 257 1121 copiam
267 1039 390 1102 haberet
403 1060 502 1103 coram
515 1040 685 1118 disputandi.
731 1042 790 1104 Sed
801 1043 900 1105 Ariani
915 1068 928 1104 s

134 1123 297 1190 consultius
329 1122 502 1199 ducebant,
546 1144 632 1201 agere
675 1124 753 1202 apud
784 1124 900 1188 CON-

133 1205 432 1282 STANTIUM,
461 1219 495 1268 ut
515 1205 763 1270 HILARIUS
787 1206 900 1269 inGal.

133 1291 190 1354 lias
200 1292 420 1363 remitteretur,
443 1309 529 1367 quam
542 1302 575 1350 ut
584 1308 651 1351 cum
662 1309 698 1351 eo
709 1290 741 1351 in
751 1302 902 1353 certamen

136 1372 360 1437 descenderent
403 1372 484 1434 Dum
508 1391 576 1449 ergo
601 1386 754 1447 cerneret,
773 1372 803 1435 se
821 1372 902 1451 apud

134 1457 482 1520 Coussuu‘rrun
500 1452 575 1514 nihil
594 1453 755 1530 proficere,
778 1467 904 1532 quanto-

133 1558 255 1615 cunque
274 1538 375 1615 uigore
390 1534 494 1597 oblatis
515 1534 622 1597 libellis
644 1535 756 1599 causam
779 1535 902 1600 catholi-

133 1617 902 1698 camageret,contraCoussnurruuipfurn

133 1703 266 1767 scribere
286 1703 413 1764 animum
434 1701 575 1776 induxit,
600 1702 680 1779 quod
701 1702 819 1781 quidem
841 1703 902 1780 egit

134 1788 249 1851 eodem
262 1784 327 1847 zelo
339 1831 348 1859 ,
362 1782 587 1847 &vehementia
597 1829 607 1859 ,
618 1805 653 1846 ac
673 1784 827 1848 LUCIF
837 1784 900 1849 ER

135 1872 502 1941 Canastrauus,
534 1868 567 1928 in
598 1867 703 1930 eodem
730 1881 903 1947 argumento

136 1951 293 2026 versatus3
315 1949 442 2028 personae
454 1951 648 2027 imperatoria
667 1949 740 2013 nihil
755 1972 901 2030 parcens,
996 1951 1005 1962 '

135 2056 195 2117 pro
208 2035 314 2097 merito
326 2034 478 2110 excipiens
490 2033 585 2095 dirum
598 2032 723 2096 ecclesrae
736 2033 904 2111 persecuto·

137 2138 214 2182 rem.
258 2116 295 2178 ld
315 2115 504 2178 necellarium
524 2115 629 2191 duxit,
655 2116 806 2195 postquam
826 2117 903 2180 vidit

136 2202 221 2266 bona
234 2199 324 2262 verba
333 2197 408 2260 nihil
422 2197 584 2276 proficere,
598 2198 702 2278 quibus
713 2197 785 2276 saepe
802 2198 905 2262 Cou-

138 2307 154 2349 s
165 2305 187 2346 r
198 2305 222 2345 a
234 2303 257 2344 u
269 2303 290 2343 n
303 2305 313 2341 1
326 2302 347 2342 u
358 2305 381 2344 n
393 2282 617 2355 commonebat,
629 2301 666 2342 ne
676 2281 704 2342 se
714 2282 800 2343 rebus
810 2280 905 2344 eccle·
996 2358 998 2363 Α

139 2369 188 2431 srae
220 2365 387 2441 misceret,
422 2364 686 2441 haereticorumque
708 2365 904 2441 patrocinium
995 2366 998 2371 '

139 2450 308 2527 susciperet.

185 2531 338 2608 Quosdam
350 2529 493 2604 offendit,
511 2529 589 2606 quod
601 2529 681 2591 dicat
695 2574 704 2604 ,
716 2529 857 2606 Spiritum
872 2528 900 2591 S.
922 2527 986 2589 tiu.
998 2527 1038 2590 Π.
1051 2528 1090 2591 de

141 2615 268 2692 desuper
292 2615 457 2674 venientem
477 2626 587 2674 naturae
610 2610 639 2674 se
656 2611 789 2675 humanae
809 2614 903 2675 carnis
927 2611 1039 2686 Trinit.
1089 2618 1091 2620 ’

143 2695 350 2770 hunriscuille,
373 2696 452 2773 quod
470 2698 496 2756 ei
508 2715 574 2757 cum
589 2693 653 2756 aliis
669 2696 794 2772 antiquis
814 2697 906 2772 patri.

143 2783 199 2844 bus
213 2798 371 2842 commune
382 2823 391 2852 ,
404 2779 519 2855 quando
530 2797 640 2838 nomen
652 2776 766 2855 spiritus
776 2776 902 2853 sumunt,

145 2875 235 2944 prout
250 2861 381 2923 secundae
404 2861 492 2922 etiam
502 2860 644 2937 competit
652 2860 788 2937 personae.
832 2861 906 2923 Prae.

146 2950 233 3026 cipue
244 2946 273 3006 ei
286 2942 477 3020 exprobrant,
491 2942 567 3020 quast
578 2943 600 3004 C
610 2941 640 3004 H
650 2943 676 3004 R
688 2942 702 3003 l
713 2943 731 3004 S
742 2943 805 3006 TU
818 2943 851 3004 M
863 2944 906 3004 fa·

147 3033 208 3103 mi,
226 3027 271 3089 srti
282 3073 290 3100 ‚
303 3024 472 3099 doloribus,
497 3024 617 3102 aliisque
633 3023 766 3087 humanis
778 3023 906 3086 affectio-

147 3113 234 3174 nibus
250 3108 413 3171 obnoxium
438 3109 595 3185 negaverit.
656 3108 745 3184 Quod
755 3120 852 3168 tamen
869 3107 906 3169 de

147 3197 249 3259 divina
271 3190 487 3254 CHRISTI
509 3202 622 3251 tantum
643 3210 710 3252 eum
731 3188 906 3251 intellexisse

149 3291 252 3341 natura
276 3273 409 3350 theologi
431 3273 519 3333 nostri
539 3271 641 3350 pallim
664 3272 902 3333 demonstrarunt.

148 3363 193 3425 De
204 3361 249 3422 his
265 3405 275 3436 ,
299 3357 421 3434 aliisque
430 3355 488 3433 legi
497 3354 590 3433 potest
603 3354 663 3417 Cel.
679 3355 815 3417 Corcura
830 3352 904 3418 Bibl.

149 3443 228 3512 Eccl.
278 3445 316 3507 T.
336 3446 370 3506 V.
384 3460 408 3502 c.
423 3459 448 3502 1.
463 3451 527 3565 arti
547 3458 593 3500 10.
610 3459 641 3500 n.
661 3458 706 3514 15.
720 3437 783 3514 &a

546 3798 550 3803 ’
619 3754 864 3922 §.vam'
