2475 4450
150 532 271 594 POST,
289 525 539 599 cantarunt.
561 530 664 589 ΗΝ.
682 532 776 593 xvu.
824 531 920 610 40Ῑὶ

158 699 223 759 quae
238 678 277 741 de
291 676 351 739 fide
370 674 432 739 sola
456 687 596 753 agerent,
617 677 758 755 pietatem
773 694 834 747 non
847 696 915 755 pro-

158 773 336 840 moverent,
361 780 417 821 nec
436 774 571 821 curarent
599 758 801 838 impletionem
821 758 914 838 legis,

156 843 238 909 unde
251 856 331 905 tanta
341 846 490 919 corruptio
503 839 675 905 Lutheranae
685 842 819 907 ecclefiae.
855 844 916 905 Rea

157 948 192 990 ea
212 939 291 990 certe
313 927 409 987 anima
421 926 462 986 est
483 926 622 987 docmnae
636 926 868 1004 protestanticae,
882 937 917 987 ut

157 1012 264 1072 mirum
283 1028 346 1068 non
369 1007 403 1069 srt
412 1008 443 1069 in
456 1007 503 1070 Se
517 1027 567 1068 ru
578 1028 595 1069 u
607 1029 626 1068 a
637 1029 659 1068 u
672 1030 716 1082 rr,
731 1012 760 1071 ἃ
780 1008 915 1086 sequaces

156 1092 266 1155 multos
276 1090 332 1153 effe
343 1104 487 1165 armator3
501 1109 589 1167 quern
598 1103 697 1152 tamen
706 1090 755 1152 alii
767 1090 917 1154 conscien-

155 1177 199 1238 tia
210 1172 528 1237 reclamante-accusare
548 1192 610 1234 non
628 1174 784 1235 audebant
828 1172 913 1237 Plura

154 1257 290 1405 {labirlnus
312 1302 322 1333 ,
343 1259 372 1319 ἃ
391 1255 593 1336 explicatiora'
608 1253 859 1335 sequentiicapite
882 1258 913 1320 &

169 1362 229 1407 aecu
242 1360 270 1403 0.

373 1485 414 1596 §-
443 1483 655 1574 cxnrv,

173 1627 494 1742 Cominii-moui
509 1622 1087 1730 Reformatorumno-rntercn

110 1747 226 1835 mine
246 1740 496 1829 delettantur
524 1800 537 1838 ,
567 1741 692 1847 etiam
717 1742 759 1826 in
790 1768 915 1830 novas
929 1749 1058 1814 vinam.

143 1880 250 1946 artes
263 1853 355 1967 {imt
376 1852 593 1967 disjunta,
619 1875 703 1939 non
725 1851 917 1942 obstanti-

110 1885 196 2057 Eus
226 1963 426 2081 synodis,
473 1990 647 2078 quarum
680 1964 916 2054 auttoritare

110 2078 260 2286 {secus
282 2104 327 2162 ac
349 2076 417 2164 [ira
439 2074 577 2161 ferunt
600 2076 798 2187 principia
820 2103 916 2164 cum
996 2114 1003 2122 ·

155 2188 360 2281 utheranis
382 2184 643 2299 communia)
669 2188 915 2276 novitatibus

110 2303 402 2395 sententiarum
433 2298 619 2385 obsistere
651 2300 915 2390 conabantur.

204 2481 317 2545 Prodiit
324 2480 363 2542 ad
374 2477 463 2540 finem
473 2475 567 2539 saculi
580 2471 687 2538 decimi
707 2476 817 2554 septimi
833 2478 916 2559 syno.

156 2565 248 2628 dicon
261 2562 362 2630 Gallia
380 2562 541 2623 reformatae
554 2559 667 2622 duobus
680 2559 875 2622 voluminibus
886 2564 917 2625 in

157 2649 254 2723 folio,
274 2651 305 2710 in
318 2643 422 2724 quibus
433 2645 525 2706 multa
542 2642 679 2720 exempla
692 2643 917 2720 deprehendun-

159 2746 208 2795 tur
218 2732 354 2793 exercitae
365 2727 515 2806 potestatis
528 2727 605 2788 circa
617 2724 807 2803 religionem,
826 2729 914 2807 quarn

159 2813 232 2877 alias
242 2812 368 2876 eeclesrae
386 2812 516 2872 demunt
560 2808 629 2870 Non
644 2807 735 2871 solum
760 2809 826 2871 libri
847 2830 916 2873 cum

156 2897 216 2960 suis
230 2893 395 2962 auetoribus
411 2893 625 2970 reprobantur,
649 2908 700 2955 aut
715 2892 914 2970 suscipiuntur,

158 2979 212 3044 sed
223 2980 311 3043 etiam
320 2979 457 3056 dogmata
467 2973 651 3049 deciduntur,
664 2974 825 3053 refragariis
835 2976 916 3039 darn-

157 3063 247 3126 natis.

204 3142 346 3209 interhas
364 3154 464 3204 autem
484 3136 630 3218 precipua
647 3137 835 3204 Dordracena
848 3160 919 3202 con.

157 3240 208 3292 tra
237 3225 323 3302 Jnc.
349 3220 564 3288 ARMINII
588 3221 772 3297 doctrinan,
796 3222 918 3301 palmari

158 3308 383 3375 calvinistarum
403 3306 532 3384 dogmati
544 3302 581 3366 de
604 3302 873 3382 praedestinatione,
886 3309 916 3368 a

159 3395 254 3474 gratia
264 3390 420 3454 adversam.
464 3387 515 3460 Ia,
535 3405 601 3448 cum
613 3387 737 3465 rigidam
756 3386 918 3450 cntvl.
958 3406 960 3411 ⁴

157 3477 190 3543 N
202 3475 238 3550 Ι,
264 3471 449 3537 &BEzm
464 3469 637 3533 sententiam
660 3482 763 3532 contra
786 3468 919 3533 infra-ia·

158 3559 286 3640 psarium
298 3555 453 3635 quemdam
470 3552 629 3615 defendere
648 3549 822 3630 susciperet,
848 3573 920 3615 con-

159 3659 207 3706 tra
227 3639 408 3720 proposrtum
418 3636 498 3699 suum
514 3638 544 3695 in
557 3636 736 3713 agnitionem
755 3637 920 3709 errorisve·

157 3728 226 3805 uit,
262 3723 409 3802 coepitque
430 3716 713 3864 pregestinationem
736 3718 921 3782 conditiona-

441 3813 447 3826 '
523 3819 541 3867 C
816 3813 877 3867 tam
948 3830 949 3834 ¹
