2475 4450
155 570 279 631 rosc
305 572 773 633 emunitionem.
802 576 805 580 ·
836 563 903 632 161

149 722 274 784 dentem
294 731 410 796 ruptam
425 719 489 782 effe.
532 718 685 783 Eusebiani
704 722 735 782 in
747 719 909 785 catholicoe
938 779 939 784 ,

148 806 245 881 magis
266 799 364 862 adhuc
391 821 476 878 quam
500 819 585 865 antea
612 803 767 867 saeviebant
789 805 908 867 coN.

151 888 171 949 S
183 884 284 948 TAN
297 882 371 947 ΤΙΙ
390 883 489 947 favore
501 885 585 948 freti:
601 907 657 949 nec
668 888 736 949 vitae
745 889 833 950 etiam
844 898 910 966 par·

154 968 272 1033 cebant
330 966 396 1041 Quo
410 966 517 1030 ¹rerum
538 970 692 1047 potiente,
714 972 774 1045 jam
787 971 819 1032 in
840 985 910 1031 rom

153 1051 234 1114 ciliis
256 1050 355 1110 omnia
364 1063 521 1125 poterant,
547 1054 663 1130 jamque
676 1055 751 1113 inter
769 1072 820 1115 eor
832 1050 910 1130 ipson

153 1135 301 1197 fictiones
322 1148 430 1194 exortae
442 1136 633 1208 Asianorum,
659 1138 687 1197 ἃ
710 1134 913 1197 semi-Ariano-

155 1236 246 1289 rum,
270 1228 451 1290 conventm,
475 1219 503 1277 ἃ
525 1216 650 1278 concilia
669 1218 819 1295 complura
833 1217 914 1295 flagi·

157 1310 284 1371 terunt,
315 1316 354 1358 ex
383 1299 487 1375 quibus
508 1302 595 1360 variae
616 1299 686 1361 fidei
704 1299 854 1375 formulae,
877 1316 914 1361 ac

157 1379 354 1445 eonfessiones
381 1381 562 1457 prodierunt
622 1382 686 1443 Nec
712 1381 775 1444 fieri
795 1381 912 1461 potuit,

158 1466 234 1542 quin
267 1461 404 1525 catholici
438 1465 526 1525 etiam
552 1463 679 1541 pastores
708 1483 761 1543 per
782 1468 844 1527 vim
864 1474 915 1527 aut
1006 1485 1009 1492 ·

158 1546 297 1609 fraudem
314 1544 541 1622 implicarentur.
566 1547 654 1623 Quod
675 1547 803 1608 constitit
814 1549 846 1607 in
858 1545 916 1606 for·

160 1628 277 1690 tiffimis
298 1628 426 1689 Nicaenae
459 1628 529 1690 fidei
559 1629 757 1692 defensoribus
786 1626 915 1692 LIBE-

162 1709 278 1784 RIO,
310 1709 509 1785 &OSIO‚
542 1714 592 1790 qui
609 1710 741 1774 formulis
762 1708 920 1775 Sirmiensi·

164 1794 222 1857 bus
242 1793 371 1857 sednon
391 1793 444 1856 uni
463 1794 559 1857 eidem
579 1795 665 1857 ambo
687 1793 919 1874 subscripserunt.

208 1941 245 2004 In
263 1940 390 2003 concilio
410 1952 506 2003 autem
531 1937 701 2006 Ariminensi
724 1945 769 2006 vis
794 1946 821 2005 &
844 1936 922 2004 fraus
1022 1929 1044 1960 '⁸

125 2079 128 2084 .
166 2026 297 2089 maxime
315 2023 428 2101 patuit,
463 2026 542 2101 quod
562 2028 690 2104 primum
714 2028 840 2098 Nicaeae,
871 2044 925 2102 po-

167 2110 227 2171 stea
261 2106 460 2180 Nicomediae,
495 2128 528 2170 ac
557 2110 675 2182 demum
709 2108 866 2181 sciencie,
895 2107 924 2168 δι
942 2123 1005 2193 An,
1025 2133 1096 2206 3594

168 2190 296 2255 Arimini
313 2189 455 2251 indictum
473 2189 547 2266 fuit,
576 2189 637 2253 illic
651 2188 859 2262 orientalibm‚
876 2187 926 2251 hic

168 2271 402 2336 occidentalibus
422 2293 526 2350 magna
543 2274 707 2351 frequentia
729 2272 929 2334 convenienti·

170 2358 247 2430 bus,
283 2354 490 2417 &concilium
515 2356 677 2433 agentibun
722 2351 928 2418 occidentales

172 2439 323 2518 episcopi,
345 2437 470 2515 pristinis
492 2440 615 2516 vestigiis
642 2437 819 2509 insistentes,
835 2437 931 2497 Nicae·

171 2542 245 2666 Ἣ
257 2566 267 2595 ’
289 2519 518 2665 toribii
530 2521 929 2665 *iiiiiibiiiaie'

174 2626 192 2668 c
237 2625 268 2665 as
514 2649 523 2677 ‚
902 2619 932 2662 e·

174 2687 357 2759 tenderunt,
381 2687 495 2758 reJeois
517 2685 580 2748 aliis
608 2684 833 2748 confessionibus
861 2680 933 2745 fidei

175 2772 251 2843 die,
275 2771 303 2829 δι
320 2767 437 2829 consule
454 2770 581 2831 notatis:
606 2769 691 2831 avitae
711 2767 879 2829 inhaerendo
899 2764 935 2826 fi·

177 2854 249 2925 dei,
269 2848 344 2910 nihil
362 2850 549 2926 addendum,
582 2864 633 2912 aut
651 2851 828 2912 demendum
852 2861 936 2928 puta·

178 2946 251 2998 runt
270 2933 383 2994 dictatis
404 2932 664 3011 Nicaeniconcilii.
708 2935 746 2995 At
764 2934 882 2994 demum
903 2926 937 2992 vi
1027 2988 1035 3016 l

179 3017 300 3088 obruti,
325 3017 352 3076 ἃ
370 3015 518 3077 fraudibus
538 3017 729 3078 circumventi
747 3016 873 3093 primum
886 3013 939 3073 de·

179 3099 280 3180 putati
298 3097 335 3158 ad
353 3097 757 3172 CONSTANTIUM,
781 3097 937 3175 posteapa·

181 3198 245 3244 tres
260 3180 331 3258 ipsi,
362 3193 421 3240 tam
442 3181 583 3242 diuturnae
607 3199 696 3242 morae
724 3179 855 3258 pertesi,
878 3178 940 3240 ani·

184 3283 251 3326 mos
264 3260 452 3336 remiserunt,
473 3261 684 3340 supprimendae
695 3264 762 3325 voci
780 3261 941 3324 substantiae

184 3344 411 3418 consenserunt,
452 3365 485 3406 ac
506 3365 590 3406 novae
612 3345 744 3407 formulae
775 3342 942 3421 subscripse-

185 3424 941 3502 runtabURSA010,&vALENTE0b.

184 3509 289 3583 truse,
310 3510 342 3568 in
366 3528 421 3585 qua
441 3529 502 3570 non
521 3510 593 3572 sicut
610 3508 673 3572 aliae
688 3522 825 3572 creaturae
849 3526 886 3569 ex
898 3507 943 3568 ni·

187 3593 252 3655 hilo
278 3590 334 3653 effe
357 3590 486 3653 Verbum
517 3593 677 3655 dicebatur.
733 3590 943 3654 Fraudulentet
1070 3648 1073 3653 .

186 3676 248 3738 huc
277 3674 392 3735 inducti
413 3673 476 3737 sunt
498 3688 615 3751 patres,
652 3676 740 3736 etiam
767 3687 851 3735 antea
875 3689 945 3732 con·

185 3757 343 3824 stmfiores
354 3799 365 3835 ‚
391 3775 459 3823 cum
473 3756 681 3905 formulifidei
702 3768 801 3837 aperte
818 3751 946 3901 nigilsa·
1040 3752 1053 3767 “’

819 3855 851 3908 Gi
873 3854 905 3903 ἢ·
