2475 4450
330 566 409 641 266
445 619 450 627 .
495 576 553 633 or
596 567 856 632 uocantur
893 561 1022 629 sam

539 729 545 742 ·
653 716 820 830 §.cu

145 858 316 967 19t⁶1³¹¹⁸0=
334 943 336 950 ,
390 857 522 946 Variae
544 858 743 958 haereses,
765 868 811 955 &
833 856 1126 972 superstitiones

145 962 279 1096 {iffi
332 964 419 1056 aliae
429 971 509 1084 hoc
522 971 668 1088 ‚sarculo
686 997 756 1059 aut
771 995 958 1057 recenter
967 970 1061 1057 sunt
1069 995 1125 1056 or-
1151 1031 1156 1044 .

146 1111 270 1180 hareses
335 1102 407 1180 tar,
431 1109 500 1171 aut
516 1110 567 1171 ex
583 1085 788 1171 veteribus
809 1082 978 1171 refiduae
1003 1083 1127 1194 orien-

145 1181 291 1265 maone
335 1214 420 1278 tem
449 1197 672 1308 prasertim
703 1195 970 1295 infestarunt,
1010 1196 1128 1308 Eury-

333 1304 476 1393 chiano
484 1312 703 1423 imprimis,
718 1307 927 1396 novainde
937 1330 1030 1395 orta
1043 1308 1130 1394 Mo·

334 1417 630 1546 norhelitarum
644 1420 760 1508 setta

419 1584 457 1650 ln
476 1584 633 1648 occidente
643 1596 748 1662 praeter
763 1582 899 1663 reliquias
923 1580 1130 1656 Arianisnri‚&

379 1686 477 1733 novos
500 1681 596 1729 motus
619 1668 698 1745 apud
718 1670 822 1730 Scotos
842 1665 1064 1745 Pelagianifini,
1091 1682 1132 1724 eo·
1153 1641 1160 1792 J

380 1750 564 1828 rundemque
573 1750 745 1830 fingularem
758 1752 836 1813 circa
851 1747 1081 1814 celebrationem
1091 1766 1134 1824 pa-

379 1831 455 1894 schae
486 1832 701 1896 observantiam
734 1836 747 1910 (
760 1853 834 1911 quos
861 1832 930 1895 ΗΟ
943 1833 972 1895 Ν
985 1833 1014 1894 Ο
1026 1828 1131 1900 RIUS

339 1930 344 1952 t
378 1934 480 1995 papa,
514 1918 551 1979 &4
566 1916 594 1978 S.
614 1914 952 1978 AUGUSTINUS
982 1912 1131 1991 Anglorum

340 2006 342 2010 ·
380 1997 733 2161 retrusum
758 1996 1130 2061 *ss

1054 2125 1064 2156 Ὶ

381 2163 504 2228 haerefis.

426 2247 462 2313 In
480 2251 593 2312 oriente
613 2263 711 2314 autem
733 2250 809 2312 circa
828 2247 891 2310 haec
904 2262 1040 2324 tempora
1055 2243 1131 2309 collo-

383 2346 487 2396 cantur
507 2333 596 2394 variae
627 2330 768 2406 hareses,
794 2331 1030 2409 superstitiones,
1060 2327 1131 2392 &ie
1153 2355 1158 2395 r

383 2417 456 2489 (tar,
476 2435 598 2493 quarum
613 2414 662 2476 vei
685 2419 806 2478 nomina
828 2414 947 2478 barbara
968 2412 1131 2484 offendunt,

383 2499 446 2561 aS.
469 2497 671 2574 JOANNE
695 2498 975 2560 Dnrrnscruo
996 2497 1087 2558 relata
1108 2498 1134 2557 in

252 2565 297 2668 ᾖ
382 2578 1135 2656 noroaehaerenuus,awauumnruroo.

152 2689 238 2758 Aug
300 2690 320 2704 ··
385 2665 513 2733 niceno,
538 2683 625 2740 quam
649 2663 1001 2727 COMBEFISIUS
1018 2663 1116 2725 edidit

426 2745 558 2817 Hicetae,
582 2760 686 2807 caetera
701 2746 887 2820 orthodoxi,
914 2745 1054 2808 monachi
1076 2764 1136 2808 una-

386 2848 453 2891 cum
473 2827 740 2892 fandimonialibus
759 2832 791 2890 in
810 2829 989 2890 monasteriis
1009 2841 1137 2892 coetusa·

387 2923 480 2990 gunt,
501 2911 628 2993 hymnos
648 2913 674 2974 D
686 2912 747 2975 EO
770 2932 839 2975 cum
853 2912 962 2974 chorea
974 2957 985 2988 ,
1007 2915 1037 2975 ἃ
1057 2913 1138 2990 tripu-

388 2995 445 3058 diis
468 2993 604 3056 offerunt.

434 3077 619 3139 Gnosrmachi
629 3077 710 3142 omni
719 3076 878 3140 christiana
888 3076 1040 3156 religionis
1051 3058 1160 3154 cogni-i

386 3163 482 3234 tioni,
504 3181 538 3222 ac
559 3160 685 3223 scientiae
708 3180 745 3225 ex
769 3161 917 3239 scripturis
939 3162 1052 3222 divinis
1069 3159 1140 3222 vale·

388 3246 517 3316 dicunt,
542 3243 617 3320 quast
635 3244 660 3305 D
676 3244 763 3318 EUS
786 3256 892 3321 praeter
915 3242 997 3308 bona
1026 3262 1142 3325 operae

387 3327 547 3392 christianIs
572 3325 646 3385 nihil
661 3325 740 3387 aliud
764 3329 870 3405 exigat.

430 3409 654 3485 Heliotropitae,
675 3411 710 3469 iis
735 3411 767 3470 in
782 3410 900 3484 herbis,
922 3429 986 3486 quae
1011 3407 1103 3472 solem
1119 3427 1143 3469 e·

290 3490 292 3497 ’
386 3495 490 3571 jusque
511 3492 607 3553 radios
628 3491 805 3570 sequuntur,
825 3495 886 3553 vim
907 3493 1043 3554 divinam
1061 3489 1141 3554 ineffe

386 3591 547 3660 putantes,
569 3571 679 3635 cultum
698 3576 742 3636 eis
765 3573 899 3637 adhiberi
920 3573 1037 3638 volunt

415 3672 417 3676 ·
432 3655 691 3735 Thnetopsychitae
700 3659 827 3720 animam
849 3657 1010 3724 humanam
1028 3655 1139 3720 srnrilem

350 3756 353 3762 ’
386 3741 491 3809 arrimae
513 3739 662 3833 pecudum
679 3742 832 3809 inducunt

993 3851 1108 3931 agom-
1158 3886 1160 3945 ἰ
