<?xml version="1.0" encoding="UTF-8"?>
<!DOCTYPE html PUBLIC "-//W3C//DTD XHTML 1.0 Transitional//EN"
    "http://www.w3.org/TR/xhtml1/DTD/xhtml1-transitional.dtd">
<html xmlns="http://www.w3.org/1999/xhtml" xml:lang="en" lang="en">
 <head>
  <title>
</title>
<meta http-equiv="Content-Type" content="text/html;charset=utf-8" />
  <meta name='ocr-system' content='tesseract 3.04.00' />
  <meta name='ocr-capabilities' content='ocr_page ocr_carea ocr_par ocr_line ocrx_word'/>
</head>
<body>
  <div class='ocr_page' id='page_1' title='image "./principiatheolo00gerbgoog/principiatheolo00gerbgoog_0444.png"; bbox 0 0 2475 4450; ppageno 0'>
   <div class='ocr_carea' id='block_1_1' title="bbox 1096 304 1111 550">
    <p class='ocr_par' dir='ltr' id='par_1_1' title="bbox 1096 304 1111 550">
     <span class='ocr_line' id='line_1_1' title="bbox 1096 304 1111 550; baseline 0 0"><span class='ocrx_word' id='word_1_1' title='bbox 1096 304 1111 550; x_wconf 87' lang='lat' dir='ltr'>l</span> 
     </span>
    </p>
   </div>
   <div class='ocr_carea' id='block_1_2' title="bbox 259 571 1111 698">
    <p class='ocr_par' dir='ltr' id='par_1_2' title="bbox 259 571 1111 698">
     <span class='ocr_line' id='line_1_2' title="bbox 259 571 1111 698; baseline 0.004 -70"><span class='ocrx_word' id='word_1_2' title='bbox 259 573 338 668; x_wconf 66' lang='lat'>424</span> <span class='ocrx_word' id='word_1_3' title='bbox 446 571 893 630; x_wconf 73' lang='lat' dir='ltr'>ueneruntnnsrc.</span> <span class='ocrx_word' id='word_1_4' title='bbox 1035 611 1111 698; x_wconf 59' lang='grc'>..1</span> 
     </span>
    </p>
   </div>
   <div class='ocr_carea' id='block_1_3' title="bbox 303 716 1109 1210">
    <p class='ocr_par' dir='ltr' id='par_1_3' title="bbox 303 716 1109 1210">
     <span class='ocr_line' id='line_1_3' title="bbox 304 716 1109 796; baseline 0.001 -14"><span class='ocrx_word' id='word_1_5' title='bbox 304 716 582 796; x_wconf 69' lang='lat' dir='ltr'>superstitiom‘ouo,</span> <span class='ocrx_word' id='word_1_6' title='bbox 616 717 762 781; x_wconf 75' lang='lat' dir='ltr'>occultu</span> <span class='ocrx_word' id='word_1_7' title='bbox 777 717 1065 785; x_wconf 77' lang='lat' dir='ltr'>etiamidololatrico</span> <span class='ocrx_word' id='word_1_8' title='bbox 1106 743 1109 748; x_wconf 94' lang='lat'>·</span> 
     </span>
     <span class='ocr_line' id='line_1_4' title="bbox 304 799 1034 880; baseline 0.001 -17"><span class='ocrx_word' id='word_1_9' title='bbox 304 820 367 863; x_wconf 91' lang='lat' dir='ltr'>non</span> <span class='ocrx_word' id='word_1_10' title='bbox 380 800 569 875; x_wconf 77' lang='lat' dir='ltr'>destinatur,</span> <span class='ocrx_word' id='word_1_11' title='bbox 589 799 639 863; x_wconf 84' lang='lat' dir='ltr'>led</span> <span class='ocrx_word' id='word_1_12' title='bbox 654 799 804 864; x_wconf 87' lang='lat' dir='ltr'>subtiliore</span> <span class='ocrx_word' id='word_1_13' title='bbox 813 820 871 880; x_wconf 90' lang='lat' dir='ltr'>pro</span> <span class='ocrx_word' id='word_1_14' title='bbox 884 805 985 880; x_wconf 82' lang='lat' dir='ltr'>gentis</span> <span class='ocrx_word' id='word_1_15' title='bbox 996 801 1034 864; x_wconf 86' lang='lat' dir='ltr'>ilii</span> 
     </span>
     <span class='ocr_line' id='line_1_5' title="bbox 303 824 1065 961; baseline 0.003 -15"><span class='ocrx_word' id='word_1_16' title='bbox 303 882 483 961; x_wconf 53' lang='lat' dir='ltr'>sagacitatm</span> <span class='ocrx_word' id='word_1_17' title='bbox 499 883 537 946; x_wconf 91' lang='lat' dir='ltr'>ob</span> <span class='ocrx_word' id='word_1_18' title='bbox 551 903 637 961; x_wconf 82' lang='lat' dir='ltr'>quam</span> <span class='ocrx_word' id='word_1_19' title='bbox 649 882 776 961; x_wconf 78' lang='lat' dir='ltr'>reliquae</span> <span class='ocrx_word' id='word_1_20' title='bbox 789 886 936 947; x_wconf 80' lang='lat' dir='ltr'>nationes</span> <span class='ocrx_word' id='word_1_21' title='bbox 958 824 1065 948; x_wconf 56' lang='lat' dir='ltr'>infeci:</span> 
     </span>
     <span class='ocr_line' id='line_1_6' title="bbox 303 963 1066 1044; baseline 0.003 -16"><span class='ocrx_word' id='word_1_22' title='bbox 303 963 494 1044; x_wconf 83' lang='lat' dir='ltr'>despiciunt:</span> <span class='ocrx_word' id='word_1_23' title='bbox 526 967 607 1030; x_wconf 89' lang='lat' dir='ltr'>unde</span> <span class='ocrx_word' id='word_1_24' title='bbox 628 965 774 1030; x_wconf 77' lang='lat' dir='ltr'>difficilius</span> <span class='ocrx_word' id='word_1_25' title='bbox 797 966 837 1029; x_wconf 85' lang='lat' dir='ltr'>ab</span> <span class='ocrx_word' id='word_1_26' title='bbox 857 967 977 1030; x_wconf 84' lang='lat' dir='ltr'>inolitis</span> <span class='ocrx_word' id='word_1_27' title='bbox 1004 989 1066 1031; x_wconf 75' lang='lat' dir='ltr'>con.</span> 
     </span>
     <span class='ocr_line' id='line_1_7' title="bbox 303 1046 1067 1130; baseline 0.007 -19"><span class='ocrx_word' id='word_1_28' title='bbox 303 1047 505 1112; x_wconf 82' lang='lat' dir='ltr'>suedutinibus</span> <span class='ocrx_word' id='word_1_29' title='bbox 525 1046 710 1113; x_wconf 84' lang='lat' dir='ltr'>abducuntur</span> <span class='ocrx_word' id='word_1_30' title='bbox 730 1050 768 1113; x_wconf 84' lang='lat' dir='ltr'>ab</span> <span class='ocrx_word' id='word_1_31' title='bbox 794 1049 885 1128; x_wconf 77' lang='lat' dir='ltr'>aliis,</span> <span class='ocrx_word' id='word_1_32' title='bbox 911 1051 1067 1130; x_wconf 67' lang='lat' dir='ltr'>quornm</span> 
     </span>
     <span class='ocr_line' id='line_1_8' title="bbox 305 1129 515 1210; baseline 0.01 -13"><span class='ocrx_word' id='word_1_33' title='bbox 305 1129 515 1210; x_wconf 62' lang='lat' dir='ltr'>&amp;despiciunt</span> 
     </span>
    </p>
   </div>
   <div class='ocr_carea' id='block_1_4' title="bbox 301 1225 1111 1746">
    <p class='ocr_par' dir='ltr' id='par_1_4' title="bbox 301 1225 1111 1746">
     <span class='ocr_line' id='line_1_9' title="bbox 352 1225 1111 1332; baseline -0.014 -17"><span class='ocrx_word' id='word_1_34' title='bbox 352 1250 524 1315; x_wconf 82' lang='lat' dir='ltr'>Mirandum</span> <span class='ocrx_word' id='word_1_35' title='bbox 548 1246 643 1314; x_wconf 83' lang='lat' dir='ltr'>multo</span> <span class='ocrx_word' id='word_1_36' title='bbox 653 1247 744 1331; x_wconf 70' lang='lat' dir='ltr'>mogis</span> <span class='ocrx_word' id='word_1_37' title='bbox 753 1247 850 1326; x_wconf 80' lang='lat' dir='ltr'>foret,</span> <span class='ocrx_word' id='word_1_38' title='bbox 884 1249 969 1332; x_wconf 82' lang='lat' dir='ltr'>quod</span> <span class='ocrx_word' id='word_1_39' title='bbox 981 1249 1068 1328; x_wconf 77' lang='lat' dir='ltr'>ludaei</span> <span class='ocrx_word' id='word_1_40' title='bbox 1107 1225 1111 1304; x_wconf 85' lang='lat' dir='ltr'>l</span> 
     </span>
     <span class='ocr_line' id='line_1_10' title="bbox 301 1318 1111 1434; baseline 0.001 -38"><span class='ocrx_word' id='word_1_41' title='bbox 301 1334 442 1412; x_wconf 83' lang='lat' dir='ltr'>propiora</span> <span class='ocrx_word' id='word_1_42' title='bbox 450 1331 533 1397; x_wconf 85' lang='lat' dir='ltr'>saluti</span> <span class='ocrx_word' id='word_1_43' title='bbox 547 1331 645 1394; x_wconf 73' lang='lat' dir='ltr'>edocti</span> <span class='ocrx_word' id='word_1_44' title='bbox 657 1331 720 1410; x_wconf 85' lang='lat' dir='ltr'>post</span> <span class='ocrx_word' id='word_1_45' title='bbox 729 1325 775 1394; x_wconf 86' lang='lat' dir='ltr'>to&#39;t</span> <span class='ocrx_word' id='word_1_46' title='bbox 783 1330 1068 1416; x_wconf 29' lang='lat' dir='ltr'>saeeuiorumadecur-</span> <span class='ocrx_word' id='word_1_47' title='bbox 1108 1318 1111 1434; x_wconf 59' lang='lat' dir='ltr'>l</span> 
     </span>
     <span class='ocr_line' id='line_1_11' title="bbox 304 1413 1111 1495; baseline -0.005 -14"><span class='ocrx_word' id='word_1_48' title='bbox 304 1415 389 1490; x_wconf 87' lang='lat' dir='ltr'>sum,</span> <span class='ocrx_word' id='word_1_49' title='bbox 407 1414 503 1479; x_wconf 87' lang='lat' dir='ltr'>adhuc</span> <span class='ocrx_word' id='word_1_50' title='bbox 524 1415 663 1478; x_wconf 85' lang='lat' dir='ltr'>excaecati</span> <span class='ocrx_word' id='word_1_51' title='bbox 676 1431 729 1492; x_wconf 89' lang='lat' dir='ltr'>pet</span> <span class='ocrx_word' id='word_1_52' title='bbox 741 1413 843 1482; x_wconf 80' lang='lat' dir='ltr'>orbem</span> <span class='ocrx_word' id='word_1_53' title='bbox 857 1431 1006 1495; x_wconf 83' lang='lat' dir='ltr'>vagentur</span> <span class='ocrx_word' id='word_1_54' title='bbox 1021 1436 1067 1485; x_wconf 78' lang='lat' dir='ltr'>ex·</span> <span class='ocrx_word' id='word_1_55' title='bbox 1104 1437 1111 1482; x_wconf 65' lang='lat'>¹.</span> 
     </span>
     <span class='ocr_line' id='line_1_12' title="bbox 304 1495 1066 1580; baseline -0.004 -16"><span class='ocrx_word' id='word_1_56' title='bbox 304 1510 420 1574; x_wconf 85' lang='lat' dir='ltr'>torres,</span> <span class='ocrx_word' id='word_1_57' title='bbox 440 1498 496 1560; x_wconf 77' lang='lat' dir='ltr'>nid</span> <span class='ocrx_word' id='word_1_58' title='bbox 504 1497 569 1580; x_wconf 80' lang='lat' dir='ltr'>‘hoc</span> <span class='ocrx_word' id='word_1_59' title='bbox 583 1497 753 1580; x_wconf 78' lang='lat' dir='ltr'>p&#39;raeditlum</span> <span class='ocrx_word' id='word_1_60' title='bbox 768 1495 948 1572; x_wconf 75' lang='lat' dir='ltr'>haberemus</span> <span class='ocrx_word' id='word_1_61' title='bbox 962 1545 973 1576; x_wconf 83' lang='lat'>‚</span> <span class='ocrx_word' id='word_1_62' title='bbox 987 1511 1066 1580; x_wconf 86' lang='lat' dir='ltr'>atque</span> 
     </span>
     <span class='ocr_line' id='line_1_13' title="bbox 305 1580 1067 1661; baseline -0.003 -15"><span class='ocrx_word' id='word_1_63' title='bbox 305 1583 507 1646; x_wconf 78' lang='lat' dir='ltr'>commeritum</span> <span class='ocrx_word' id='word_1_64' title='bbox 530 1580 607 1643; x_wconf 91' lang='lat' dir='ltr'>hanc</span> <span class='ocrx_word' id='word_1_65' title='bbox 627 1593 796 1661; x_wconf 82' lang='lat' dir='ltr'>paterentur</span> <span class='ocrx_word' id='word_1_66' title='bbox 842 1601 973 1659; x_wconf 78' lang='lat' dir='ltr'>ornam,</span> <span class='ocrx_word' id='word_1_67' title='bbox 995 1587 1067 1644; x_wconf 82' lang='lat' dir='ltr'>dura</span> 
     </span>
     <span class='ocr_line' id='line_1_14' title="bbox 306 1599 1066 1746; baseline 0 -18"><span class='ocrx_word' id='word_1_68' title='bbox 306 1669 435 1739; x_wconf 73' lang='lat' dir='ltr'>cervice,</span> <span class='ocrx_word' id='word_1_69' title='bbox 453 1665 492 1740; x_wconf 66' lang='lat' dir='ltr'>fici</span> <span class='ocrx_word' id='word_1_70' title='bbox 504 1661 713 1746; x_wconf 68' lang='lat' dir='ltr'>incimoncssr</span> <span class='ocrx_word' id='word_1_71' title='bbox 721 1666 807 1725; x_wconf 69' lang='lat' dir='ltr'>latiis</span> <span class='ocrx_word' id='word_1_72' title='bbox 820 1599 938 1743; x_wconf 41' lang='lat' dir='ltr'>{emper</span> <span class='ocrx_word' id='word_1_73' title='bbox 948 1666 1066 1746; x_wconf 88' lang='lat' dir='ltr'>Spiritui</span> 
     </span>
    </p>
   </div>
   <div class='ocr_carea' id='block_1_5' title="bbox 226 1746 1069 3884">
    <p class='ocr_par' dir='ltr' id='par_1_5' title="bbox 226 1746 1069 3884">
     <span class='ocr_line' id='line_1_15' title="bbox 307 1746 1068 1825; baseline 0 -14"><span class='ocrx_word' id='word_1_74' title='bbox 307 1749 337 1811; x_wconf 87' lang='lat' dir='ltr'>S.</span> <span class='ocrx_word' id='word_1_75' title='bbox 357 1747 535 1820; x_wconf 82' lang='lat' dir='ltr'>rellsteutes,</span> <span class='ocrx_word' id='word_1_76' title='bbox 553 1746 589 1810; x_wconf 83' lang='lat' dir='ltr'>ab</span> <span class='ocrx_word' id='word_1_77' title='bbox 610 1747 688 1809; x_wconf 66' lang='lat' dir='ltr'>auria</span> <span class='ocrx_word' id='word_1_78' title='bbox 708 1746 795 1808; x_wconf 87' lang='lat' dir='ltr'>etiam</span> <span class='ocrx_word' id='word_1_79' title='bbox 814 1760 935 1825; x_wconf 88' lang='lat' dir='ltr'>patrum</span> <span class='ocrx_word' id='word_1_80' title='bbox 955 1749 1068 1812; x_wconf 87' lang='lat' dir='ltr'>suorum</span> 
     </span>
     <span class='ocr_line' id='line_1_16' title="bbox 304 1827 1067 1914; baseline 0.003 -22"><span class='ocrx_word' id='word_1_81' title='bbox 304 1827 814 1910; x_wconf 75' lang='lat' dir='ltr'>inplurimierecedentendottrinu</span> <span class='ocrx_word' id='word_1_82' title='bbox 861 1829 951 1893; x_wconf 85' lang='lat' dir='ltr'>Unde</span> <span class='ocrx_word' id='word_1_83' title='bbox 961 1831 1067 1914; x_wconf 80' lang='lat' dir='ltr'>semper</span> 
     </span>
     <span class='ocr_line' id='line_1_17' title="bbox 306 1910 1066 1994; baseline 0.007 -22"><span class='ocrx_word' id='word_1_84' title='bbox 306 1910 453 1975; x_wconf 87' lang='lat' dir='ltr'>difficilior</span> <span class='ocrx_word' id='word_1_85' title='bbox 473 1915 574 1976; x_wconf 89' lang='lat' dir='ltr'>edrum</span> <span class='ocrx_word' id='word_1_86' title='bbox 595 1912 727 1974; x_wconf 78' lang='lat' dir='ltr'>redditur</span> <span class='ocrx_word' id='word_1_87' title='bbox 747 1912 1066 1994; x_wconf 79' lang='lat' dir='ltr'>conversio(quamvir</span> 
     </span>
     <span class='ocr_line' id='line_1_18' title="bbox 306 1993 1068 2072; baseline 0.004 -15"><span class='ocrx_word' id='word_1_88' title='bbox 306 1995 395 2057; x_wconf 80' lang='lat' dir='ltr'>etiam</span> <span class='ocrx_word' id='word_1_89' title='bbox 420 1993 519 2057; x_wconf 76' lang='lat' dir='ltr'>littura</span> <span class='ocrx_word' id='word_1_90' title='bbox 536 1994 664 2072; x_wconf 82' lang='lat' dir='ltr'>speretur</span> <span class='ocrx_word' id='word_1_91' title='bbox 692 2007 760 2055; x_wconf 88' lang='lat' dir='ltr'>ante</span> <span class='ocrx_word' id='word_1_92' title='bbox 784 1995 1068 2060; x_wconf 84' lang='lat' dir='ltr'>consummationem</span> 
     </span>
     <span class='ocr_line' id='line_1_19' title="bbox 301 2075 1067 2165; baseline 0.005 -26"><span class='ocrx_word' id='word_1_93' title='bbox 301 2075 426 2153; x_wconf 82' lang='lat' dir='ltr'>¹saeculi)</span> <span class='ocrx_word' id='word_1_94' title='bbox 442 2097 500 2158; x_wconf 87' lang='lat' dir='ltr'>quo</span> <span class='ocrx_word' id='word_1_95' title='bbox 515 2079 607 2156; x_wconf 83' lang='lat' dir='ltr'>magis</span> <span class='ocrx_word' id='word_1_96' title='bbox 628 2078 787 2139; x_wconf 83' lang='lat' dir='ltr'>averitate</span> <span class='ocrx_word' id='word_1_97' title='bbox 803 2078 960 2146; x_wconf 81' lang='lat' dir='ltr'>recedunt</span> <span class='ocrx_word' id='word_1_98' title='bbox 1006 2081 1067 2165; x_wconf 82' lang='lat' dir='ltr'>Qua</span> 
     </span>
     <span class='ocr_line' id='line_1_20' title="bbox 226 2158 1069 2242; baseline 0.006 -21"><span class='ocrx_word' id='word_1_99' title='bbox 226 2182 228 2186; x_wconf 93' lang='lat'>·</span> <span class='ocrx_word' id='word_1_100' title='bbox 306 2161 338 2222; x_wconf 91' lang='lat' dir='ltr'>in</span> <span class='ocrx_word' id='word_1_101' title='bbox 351 2179 381 2221; x_wconf 84' lang='lat' dir='ltr'>re</span> <span class='ocrx_word' id='word_1_102' title='bbox 392 2158 485 2223; x_wconf 92' lang='lat' dir='ltr'>multo</span> <span class='ocrx_word' id='word_1_103' title='bbox 505 2162 595 2239; x_wconf 84' lang='lat' dir='ltr'>magis</span> <span class='ocrx_word' id='word_1_104' title='bbox 608 2160 660 2222; x_wconf 86' lang='lat' dir='ltr'>fibi</span> <span class='ocrx_word' id='word_1_105' title='bbox 678 2159 831 2235; x_wconf 78' lang='lat' dir='ltr'>constant,</span> <span class='ocrx_word' id='word_1_106' title='bbox 847 2181 938 2242; x_wconf 86' lang='lat' dir='ltr'>quam</span> <span class='ocrx_word' id='word_1_107' title='bbox 952 2161 1014 2227; x_wconf 75' lang='lat' dir='ltr'>alite</span> <span class='ocrx_word' id='word_1_108' title='bbox 1025 2184 1069 2226; x_wconf 82' lang='lat' dir='ltr'>re-</span> 
     </span>
     <span class='ocr_line' id='line_1_21' title="bbox 304 2240 1069 2321; baseline 0.005 -16"><span class='ocrx_word' id='word_1_109' title='bbox 304 2243 430 2320; x_wconf 86' lang='lat' dir='ltr'>ligiones</span> <span class='ocrx_word' id='word_1_110' title='bbox 452 2289 460 2318; x_wconf 89' lang='lat'>,</span> <span class='ocrx_word' id='word_1_111' title='bbox 483 2243 543 2321; x_wconf 84' lang='lat' dir='ltr'>ipsa</span> <span class='ocrx_word' id='word_1_112' title='bbox 565 2245 652 2306; x_wconf 84' lang='lat' dir='ltr'>etiam</span> <span class='ocrx_word' id='word_1_113' title='bbox 677 2240 830 2307; x_wconf 82' lang='lat' dir='ltr'>christiana</span> <span class='ocrx_word' id='word_1_114' title='bbox 860 2248 893 2306; x_wconf 88' lang='lat' dir='ltr'>in</span> <span class='ocrx_word' id='word_1_115' title='bbox 912 2259 961 2308; x_wconf 92' lang='lat' dir='ltr'>tot</span> <span class='ocrx_word' id='word_1_116' title='bbox 981 2247 1069 2309; x_wconf 70' lang='lat' dir='ltr'>sectae</span> 
     </span>
     <span class='ocr_line' id='line_1_22' title="bbox 306 2325 1066 2405; baseline 0.004 -17"><span class='ocrx_word' id='word_1_117' title='bbox 306 2325 397 2388; x_wconf 87' lang='lat' dir='ltr'>divisa</span> <span class='ocrx_word' id='word_1_118' title='bbox 416 2348 425 2400; x_wconf 85' lang='lat'>3</span> <span class='ocrx_word' id='word_1_119' title='bbox 449 2346 516 2388; x_wconf 88' lang='lat' dir='ltr'>cum</span> <span class='ocrx_word' id='word_1_120' title='bbox 537 2328 617 2405; x_wconf 83' lang='lat' dir='ltr'>apud</span> <span class='ocrx_word' id='word_1_121' title='bbox 627 2326 745 2401; x_wconf 90' lang='lat' dir='ltr'>Judaeos</span> <span class='ocrx_word' id='word_1_122' title='bbox 767 2328 831 2389; x_wconf 87' lang='lat' dir='ltr'>duae</span> <span class='ocrx_word' id='word_1_123' title='bbox 853 2340 972 2391; x_wconf 86' lang='lat' dir='ltr'>tantum</span> <span class='ocrx_word' id='word_1_124' title='bbox 994 2330 1066 2404; x_wconf 81' lang='lat' dir='ltr'>sint,¹</span> 
     </span>
     <span class='ocr_line' id='line_1_23' title="bbox 303 2409 1065 2488; baseline 0.001 -15"><span class='ocrx_word' id='word_1_125' title='bbox 303 2409 517 2483; x_wconf 82' lang='lat' dir='ltr'>Karraeorom‚</span> <span class='ocrx_word' id='word_1_126' title='bbox 542 2412 592 2488; x_wconf 91' lang='lat' dir='ltr'>qui</span> <span class='ocrx_word' id='word_1_127' title='bbox 616 2410 762 2486; x_wconf 87' lang='lat' dir='ltr'>scripturae</span> <span class='ocrx_word' id='word_1_128' title='bbox 778 2410 867 2472; x_wconf 87' lang='lat' dir='ltr'>unice</span> <span class='ocrx_word' id='word_1_129' title='bbox 890 2412 1065 2486; x_wconf 76' lang='lat' dir='ltr'>adhaerent,</span> 
     </span>
     <span class='ocr_line' id='line_1_24' title="bbox 302 2491 1065 2570; baseline 0.003 -15"><span class='ocrx_word' id='word_1_130' title='bbox 302 2491 427 2570; x_wconf 77' lang='lat' dir='ltr'>suntque</span> <span class='ocrx_word' id='word_1_131' title='bbox 442 2511 564 2554; x_wconf 90' lang='lat' dir='ltr'>numero</span> <span class='ocrx_word' id='word_1_132' title='bbox 575 2491 667 2555; x_wconf 92' lang='lat' dir='ltr'>multo</span> <span class='ocrx_word' id='word_1_133' title='bbox 683 2492 835 2554; x_wconf 82' lang='lat' dir='ltr'>inferiores</span> <span class='ocrx_word' id='word_1_134' title='bbox 859 2494 1065 2570; x_wconf 73' lang='lat' dir='ltr'>Rabbanistic,</span> 
     </span>
     <span class='ocr_line' id='line_1_25' title="bbox 304 2575 1063 2654; baseline -0.004 -17"><span class='ocrx_word' id='word_1_135' title='bbox 304 2577 356 2653; x_wconf 88' lang='lat' dir='ltr'>qui</span> <span class='ocrx_word' id='word_1_136' title='bbox 370 2576 541 2637; x_wconf 85' lang='lat' dir='ltr'>traditiones</span> <span class='ocrx_word' id='word_1_137' title='bbox 552 2589 691 2654; x_wconf 84' lang='lat' dir='ltr'>praeterea</span> <span class='ocrx_word' id='word_1_138' title='bbox 703 2575 865 2650; x_wconf 87' lang='lat' dir='ltr'>adjiciunt,</span> <span class='ocrx_word' id='word_1_139' title='bbox 879 2598 945 2654; x_wconf 86' lang='lat' dir='ltr'>quae</span> <span class='ocrx_word' id='word_1_140' title='bbox 954 2580 986 2639; x_wconf 92' lang='lat' dir='ltr'>in</span> <span class='ocrx_word' id='word_1_141' title='bbox 999 2576 1063 2640; x_wconf 82' lang='lat' dir='ltr'>Tnl.</span> 
     </span>
     <span class='ocr_line' id='line_1_26' title="bbox 303 2656 1065 2738; baseline 0.001 -18"><span class='ocrx_word' id='word_1_142' title='bbox 303 2660 394 2720; x_wconf 87' lang='lat' dir='ltr'>mude</span> <span class='ocrx_word' id='word_1_143' title='bbox 412 2660 619 2733; x_wconf 87' lang='lat' dir='ltr'>continentur,</span> <span class='ocrx_word' id='word_1_144' title='bbox 643 2656 769 2720; x_wconf 86' lang='lat' dir='ltr'>anilibus</span> <span class='ocrx_word' id='word_1_145' title='bbox 788 2657 916 2734; x_wconf 77' lang='lat' dir='ltr'>fabulis,</span> <span class='ocrx_word' id='word_1_146' title='bbox 941 2664 971 2723; x_wconf 85' lang='lat'>&amp;-</span> <span class='ocrx_word' id='word_1_147' title='bbox 990 2661 1065 2738; x_wconf 74' lang='lat' dir='ltr'>spur·</span> 
     </span>
     <span class='ocr_line' id='line_1_27' title="bbox 305 2741 1066 2806; baseline 0.004 -4"><span class='ocrx_word' id='word_1_148' title='bbox 305 2742 382 2802; x_wconf 87' lang='lat' dir='ltr'>citiis</span> <span class='ocrx_word' id='word_1_149' title='bbox 405 2741 522 2802; x_wconf 85' lang='lat' dir='ltr'>referto.</span> <span class='ocrx_word' id='word_1_150' title='bbox 561 2741 601 2803; x_wconf 87' lang='lat' dir='ltr'>-In</span> <span class='ocrx_word' id='word_1_151' title='bbox 629 2761 670 2802; x_wconf 90' lang='lat' dir='ltr'>eo</span> <span class='ocrx_word' id='word_1_152' title='bbox 695 2754 793 2803; x_wconf 79' lang='lat' dir='ltr'>autem</span> <span class='ocrx_word' id='word_1_153' title='bbox 829 2761 935 2805; x_wconf 81' lang='lat' dir='ltr'>omnes</span> <span class='ocrx_word' id='word_1_154' title='bbox 959 2762 1066 2806; x_wconf 81' lang='lat' dir='ltr'>conve-</span> 
     </span>
     <span class='ocr_line' id='line_1_28' title="bbox 303 2823 1065 2904; baseline 0.004 -21"><span class='ocrx_word' id='word_1_155' title='bbox 303 2824 410 2896; x_wconf 89' lang='lat' dir='ltr'>niunt,</span> <span class='ocrx_word' id='word_1_156' title='bbox 437 2824 516 2900; x_wconf 92' lang='lat' dir='ltr'>quod</span> <span class='ocrx_word' id='word_1_157' title='bbox 536 2823 673 2886; x_wconf 71' lang='lat' dir='ltr'>Melitam</span> <span class='ocrx_word' id='word_1_158' title='bbox 692 2823 902 2901; x_wconf 74' lang='lat' dir='ltr'>prestolentur.</span> <span class='ocrx_word' id='word_1_159' title='bbox 948 2825 1065 2904; x_wconf 83' lang='lat' dir='ltr'>Religio</span> 
     </span>
     <span class='ocr_line' id='line_1_29' title="bbox 287 2905 1061 2982; baseline 0.01 -18"><span class='ocrx_word' id='word_1_160' title='bbox 287 2924 408 2968; x_wconf 75' lang='lat' dir='ltr'>,eorum</span> <span class='ocrx_word' id='word_1_161' title='bbox 431 2921 570 2982; x_wconf 84' lang='lat' dir='ltr'>praeterea</span> <span class='ocrx_word' id='word_1_162' title='bbox 589 2907 652 2969; x_wconf 85' lang='lat' dir='ltr'>fere</span> <span class='ocrx_word' id='word_1_163' title='bbox 676 2907 708 2967; x_wconf 88' lang='lat' dir='ltr'>in</span> <span class='ocrx_word' id='word_1_164' title='bbox 728 2905 949 2971; x_wconf 80' lang='lat' dir='ltr'>namralismum</span> <span class='ocrx_word' id='word_1_165' title='bbox 984 2909 1061 2972; x_wconf 78' lang='lat' dir='ltr'>abiit</span> 
     </span>
     <span class='ocr_line' id='line_1_30' title="bbox 303 2987 1063 3069; baseline 0.004 -18"><span class='ocrx_word' id='word_1_166' title='bbox 303 2987 388 3052; x_wconf 84' lang='lat' dir='ltr'>Licet</span> <span class='ocrx_word' id='word_1_167' title='bbox 400 2989 557 3064; x_wconf 83' lang='lat' dir='ltr'>agnoscant</span> <span class='ocrx_word' id='word_1_168' title='bbox 568 2989 800 3063; x_wconf 80' lang='lat' dir='ltr'>revelationem,</span> <span class='ocrx_word' id='word_1_169' title='bbox 817 2989 954 3069; x_wconf 82' lang='lat' dir='ltr'>mysteria</span> <span class='ocrx_word' id='word_1_170' title='bbox 965 3004 1063 3054; x_wconf 83' lang='lat' dir='ltr'>tamen</span> 
     </span>
     <span class='ocr_line' id='line_1_31' title="bbox 301 3069 1061 3150; baseline 0.005 -17"><span class='ocrx_word' id='word_1_171' title='bbox 301 3069 383 3133; x_wconf 80' lang='lat' dir='ltr'>nulla</span> <span class='ocrx_word' id='word_1_172' title='bbox 395 3071 575 3144; x_wconf 82' lang='lat' dir='ltr'>admittunt,</span> <span class='ocrx_word' id='word_1_173' title='bbox 597 3072 804 3135; x_wconf 82' lang='lat' dir='ltr'>necvirtutem</span> <span class='ocrx_word' id='word_1_174' title='bbox 819 3073 1061 3150; x_wconf 62' lang='lat' dir='ltr'>gratioe-exalto,</span> 
     </span>
     <span class='ocr_line' id='line_1_32' title="bbox 301 3153 1062 3221; baseline 0.007 -6"><span class='ocrx_word' id='word_1_175' title='bbox 301 3167 417 3215; x_wconf 79' lang='lat' dir='ltr'>naturae</span> <span class='ocrx_word' id='word_1_176' title='bbox 428 3153 537 3216; x_wconf 84' lang='lat' dir='ltr'>viribus</span> <span class='ocrx_word' id='word_1_177' title='bbox 550 3156 648 3216; x_wconf 88' lang='lat' dir='ltr'>omnia</span> <span class='ocrx_word' id='word_1_178' title='bbox 660 3154 826 3216; x_wconf 78' lang='lat' dir='ltr'>tribuenteo</span> <span class='ocrx_word' id='word_1_179' title='bbox 871 3155 997 3221; x_wconf 78' lang='lat' dir='ltr'>Articuli</span> <span class='ocrx_word' id='word_1_180' title='bbox 1008 3170 1062 3220; x_wconf 77' lang='lat' dir='ltr'>tte-</span> 
     </span>
     <span class='ocr_line' id='line_1_33' title="bbox 275 3236 1062 3316; baseline 0.005 -18"><span class='ocrx_word' id='word_1_181' title='bbox 275 3262 278 3269; x_wconf 95' lang='lat'>·</span> <span class='ocrx_word' id='word_1_182' title='bbox 303 3236 400 3298; x_wconf 90' lang='lat' dir='ltr'>decim</span> <span class='ocrx_word' id='word_1_183' title='bbox 412 3236 482 3298; x_wconf 82' lang='lat' dir='ltr'>fidei</span> <span class='ocrx_word' id='word_1_184' title='bbox 492 3281 502 3310; x_wconf 85' lang='lat'><strong>‚</strong></span> <span class='ocrx_word' id='word_1_185' title='bbox 514 3257 613 3314; x_wconf 82' lang='lat' dir='ltr'>quosa</span> <span class='ocrx_word' id='word_1_186' title='bbox 626 3236 862 3300; x_wconf 76' lang='lat' dir='ltr'><strong>MAIMONIDE</strong></span> <span class='ocrx_word' id='word_1_187' title='bbox 874 3236 983 3301; x_wconf 82' lang='lat' dir='ltr'>saecuto</span> <span class='ocrx_word' id='word_1_188' title='bbox 1004 3241 1062 3316; x_wconf 85' lang='lat' dir='ltr'>jam</span> 
     </span>
     <span class='ocr_line' id='line_1_34' title="bbox 303 3317 1064 3385; baseline -0.004 -3"><span class='ocrx_word' id='word_1_189' title='bbox 303 3318 481 3382; x_wconf 88' lang='lat' dir='ltr'>duodecimo</span> <span class='ocrx_word' id='word_1_190' title='bbox 496 3318 636 3382; x_wconf 68' lang='lat' dir='ltr'>collectos</span> <span class='ocrx_word' id='word_1_191' title='bbox 658 3318 755 3383; x_wconf 87' lang='lat' dir='ltr'>adhuc</span> <span class='ocrx_word' id='word_1_192' title='bbox 770 3319 801 3380; x_wconf 89' lang='lat' dir='ltr'>in</span> <span class='ocrx_word' id='word_1_193' title='bbox 822 3317 880 3382; x_wconf 85' lang='lat' dir='ltr'>suis</span> <span class='ocrx_word' id='word_1_194' title='bbox 900 3319 985 3385; x_wconf 83' lang='lat' dir='ltr'>libris</span> <span class='ocrx_word' id='word_1_195' title='bbox 1009 3323 1064 3385; x_wconf 85' lang='lat' dir='ltr'>cir.</span> 
     </span>
     <span class='ocr_line' id='line_1_35' title="bbox 302 3400 1062 3481; baseline 0.003 -16"><span class='ocrx_word' id='word_1_196' title='bbox 302 3402 494 3476; x_wconf 88' lang='lat' dir='ltr'>cumferunt,</span> <span class='ocrx_word' id='word_1_197' title='bbox 521 3404 652 3481; x_wconf 88' lang='lat' dir='ltr'>quamvis</span> <span class='ocrx_word' id='word_1_198' title='bbox 668 3404 744 3464; x_wconf 88' lang='lat' dir='ltr'>inter</span> <span class='ocrx_word' id='word_1_199' title='bbox 763 3400 917 3465; x_wconf 85' lang='lat' dir='ltr'>Rabbinos</span> <span class='ocrx_word' id='word_1_200' title='bbox 944 3404 985 3466; x_wconf 90' lang='lat' dir='ltr'>de</span> <span class='ocrx_word' id='word_1_201' title='bbox 1004 3403 1062 3471; x_wconf 82' lang='lat' dir='ltr'>illis</span> 
     </span>
     <span class='ocr_line' id='line_1_36' title="bbox 300 3482 1063 3562; baseline 0.001 -14"><span class='ocrx_word' id='word_1_202' title='bbox 300 3482 368 3548; x_wconf 80' lang='lat' dir='ltr'>liter</span> <span class='ocrx_word' id='word_1_203' title='bbox 381 3484 435 3546; x_wconf 84' lang='lat' dir='ltr'>lint</span> <span class='ocrx_word' id='word_1_204' title='bbox 447 3496 533 3547; x_wconf 85' lang='lat' dir='ltr'>motae</span> <span class='ocrx_word' id='word_1_205' title='bbox 545 3530 556 3562; x_wconf 87' lang='lat'>,</span> <span class='ocrx_word' id='word_1_206' title='bbox 570 3486 607 3546; x_wconf 87' lang='lat' dir='ltr'>de</span> <span class='ocrx_word' id='word_1_207' title='bbox 619 3484 648 3548; x_wconf 91' lang='lat' dir='ltr'>D</span> <span class='ocrx_word' id='word_1_208' title='bbox 660 3485 743 3560; x_wconf 79' lang='lat' dir='ltr'>E-O,</span> <span class='ocrx_word' id='word_1_209' title='bbox 759 3505 795 3547; x_wconf 88' lang='lat' dir='ltr'>ac</span> <span class='ocrx_word' id='word_1_210' title='bbox 812 3485 1000 3549; x_wconf 85' lang='lat' dir='ltr'>revelatione</span> <span class='ocrx_word' id='word_1_211' title='bbox 1011 3486 1063 3549; x_wconf 86' lang='lat' dir='ltr'>ho-</span> 
     </span>
     <span class='ocr_line' id='line_1_37' title="bbox 301 3566 1062 3646; baseline 0.004 -17"><span class='ocrx_word' id='word_1_212' title='bbox 301 3566 429 3629; x_wconf 87' lang='lat' dir='ltr'>minibus</span> <span class='ocrx_word' id='word_1_213' title='bbox 448 3568 523 3630; x_wconf 66' lang='lat' dir='ltr'>faeta</span> <span class='ocrx_word' id='word_1_214' title='bbox 542 3567 664 3646; x_wconf 87' lang='lat' dir='ltr'>indigna</span> <span class='ocrx_word' id='word_1_215' title='bbox 685 3566 764 3630; x_wconf 85' lang='lat' dir='ltr'>haud</span> <span class='ocrx_word' id='word_1_216' title='bbox 784 3570 948 3633; x_wconf 79' lang='lat' dir='ltr'>continent</span> <span class='ocrx_word' id='word_1_217' title='bbox 994 3570 1062 3635; x_wconf 89' lang='lat' dir='ltr'>Duo</span> 
     </span>
     <span class='ocr_line' id='line_1_38' title="bbox 299 3649 1061 3730; baseline 0.005 -19"><span class='ocrx_word' id='word_1_218' title='bbox 299 3659 414 3712; x_wconf 81' lang='lat' dir='ltr'>tantum</span> <span class='ocrx_word' id='word_1_219' title='bbox 429 3649 603 3726; x_wconf 88' lang='lat' dir='ltr'>offendunt,</span> <span class='ocrx_word' id='word_1_220' title='bbox 625 3671 688 3730; x_wconf 89' lang='lat' dir='ltr'>quae</span> <span class='ocrx_word' id='word_1_221' title='bbox 698 3649 824 3714; x_wconf 84' lang='lat' dir='ltr'>articulo</span> <span class='ocrx_word' id='word_1_222' title='bbox 834 3670 918 3720; x_wconf 90' lang='lat' dir='ltr'>nono</span> <span class='ocrx_word' id='word_1_223' title='bbox 938 3653 979 3715; x_wconf 91' lang='lat' dir='ltr'>de</span> <span class='ocrx_word' id='word_1_224' title='bbox 1000 3672 1061 3729; x_wconf 85' lang='lat' dir='ltr'>per·</span> 
     </span>
     <span class='ocr_line' id='line_1_39' title="bbox 298 3732 1061 3884; baseline -0.001 -69"><span class='ocrx_word' id='word_1_225' title='bbox 298 3732 1061 3884; x_wconf 55' lang='lat' dir='ltr'>vetuere...rmmutabutateeue.1otbu1bwoum</span> 
     </span>
    </p>
   </div>
   <div class='ocr_carea' id='block_1_6' title="bbox 0 0 1242 4450">
    <p class='ocr_par' dir='ltr' id='par_1_6' title="bbox 0 0 1242 4450">
     <span class='ocr_line' id='line_1_40' title="bbox 0 0 1242 4450; baseline 0 2"><span class='ocrx_word' id='word_1_226' title='bbox 0 0 1242 4450; x_wconf 95' lang='lat' dir='ltr'> </span> 
     </span>
    </p>
   </div>
  </div>
 </body>
</html>
