2475 4450
271 575 350 665 284·
383 581 387 586 ’
420 575 808 643 'unoocnnrni
832 581 969 642 sict·
1008 577 1015 615 ²

216 713 220 732 ’
273 768 275 773 ,
355 692 1072 778 QuatuorlibrisJ0.Dannsosnustlieo·

269 852 276 864 Ι
313 780 426 861 logiam
444 782 617 862 complexus
630 784 694 858 est,
720 781 767 844 seu
791 785 887 860 capita
901 781 1072 844 orthodoxa

313 864 404 929 fidei:
429 868 667 945 quorumprimo
680 867 741 943 agit
754 866 791 927 de
815 864 941 939 DEO,
956 866 1018 941 ejus
1040 862 1073 925 es·

312 946 428 1024 sentia,
454 948 620 1025 attributis,
644 952 672 1011 ἃ
695 948 835 1027 personis.
878 948 1022 1012 Secundo
1041 946 1072 1009 dc

271 1084 273 1087 ,
313 1030 401 1094 rebus
424 1034 550 1107 creatis,
574 1032 705 1094 liomine
725 1032 924 1109 cumprimis,
962 1033 1071 1107 ejusque

274 1188 276 1194 Ι
315 1110 417 1192 lapsu:
454 1116 491 1178 de
511 1078 715 1193 pr’ovidentia,
739 1113 944 1191 praescientia,
973 1114 1070 1193 praedo

313 1195 478 1261 stinatione.
522 1198 581 1261 Ubi
598 1197 672 1260 illud
683 1196 847 1275 singulare
869 1198 954 1275 quod
966 1208 1069 1259 antece·

272 1331 274 1333 .
316 1279 457 1357 dentem,
493 1280 801 1358 &consequentem
792 1300 825 1340 in
851 1280 957 1344 DEO
986 1263 1090 1341 distin-¹

273 1432 276 1437 ,
314 1364 435 1460 mendo
456 1364 658 1436 voluntatem,
682 1364 832 1425 materiam
850 1362 1068 1441 praedestinatio

315 1446 364 1507 nis
389 1449 549 1510 accuratius
569 1441 706 1525 explicet
761 1446 864 1508 Tertio
883 1446 963 1508 libro
985 1446 1022 1508 de
1035 1465 1068 1507 it-

109 1575 119 1589 ..
193 1575 198 1588 .
296 1528 467 1591 *damtione
477 1530 624 1604 humana
646 1550 680 1591 ac
690 1528 918 1591 incarnatione
945 1530 1068 1608 quodar·
1088 1543 1090 1548 ’

151 1663 154 1670 .
318 1625 491 1691 gumentum
517 1612 592 1673 libro
617 1625 720 1689 quarto
744 1612 921 1687 continuat,
942 1611 1069 1690 simulque

316 1694 355 1755 de
366 1694 484 1772 reliquis
504 1693 669 1772 pedisequis
688 1693 847 1757 christianas
865 1656 1069 1773 religionisca·

314 1775 425 1854 pitibus
438 1780 549 1839 tractat
593 1777 673 1839 Libri
687 1777 717 1837 hi
726 1778 878 1856 postquam
889 1777 997 1841 saeculo
1010 1778 1070 1841 duo·

271 1912 273 1915 .
314 1857 464 1922 decimo
456 1880 488 1920 in
518 1858 640 1921 latinam
666 1858 794 1939 linguam
816 1880 833 1921 a
854 1860 1069 1924 BURGUN·

277 1941 279 1944 ’
314 1938 482 2003 DIONE
504 1943 571 2005 cive
591 1942 692 2005 Pisano
712 1944 833 2015 suerunt
849 1944 1007 2018 translati,
1020 1963 1072 2006 ma·

270 2076 272 2081 .
314 2022 402 2101 gister
412 2019 619 2088 sententiarum
631 2028 792 2124 praeprimis
803 2026 833 2087 ἃ
848 2025 916 2089 ΤΗ
926 2028 955 2090 Ο
966 2028 1070 2103 inii,

269 2169 274 2188 ι
314 2108 345 2169 dt
365 2106 415 2168 alii
431 2126 503 2170 euin.
516 2107 600 2170 sunt
591 2110 718 2182 imitati,
745 2110 833 2170 etiam
849 2110 949 2185 quoad
965 2110 1073 2173 metho-

311 2189 409 2265 duni,
427 2189 681 2268 &offenauonem
700 2191 898 2255 subtilitatum.
941 2197 1074 2258 Attamen

312 2272 391 2335 forte
412 2274 540 2335 divisio'
529 2295 561 2335 in
580 2289 703 2352 quatuor
725 2275 814 2337 libros
834 2276 977 2352 posterius
990 2277 1072 2351 fassa,

313 2375 354 2419 cx
382 2356 468 2435 ipsius
492 2357 627 2419 Pitana
653 2357 930 2421 LOMBARDI
950 2365 1073 2439 quatuor

312 2437 397 2502 libris
418 2439 625 2502 sententiatum
646 2441 703 2502 suit
721 2444 854 2519 repetita.
899 2440 965 2505 Alia
980 2458 1073 2506 auten

318 2522 488 2601 dogmatica
515 2522 625 2600 scripsit
652 2522 794 2601 plurima,
832 2523 938 2600 quibus
968 2528 1074 2590 constat

275 2671 278 2679 ,
308 2616 392 2667 totus
426 2607 505 2681 prior
534 2618 630 2667 tonius
662 2606 798 2668 editionis
832 2627 918 2669 novae
952 2608 983 2672 P.
1007 2609 1072 2672 LE-

273 2685 275 2688 ⁴
311 2686 496 2762 QUIEN
530 2687 633 2774 quibus
655 2688 769 2766 sparsim
798 2709 902 2751 omnes
933 2690 1072 2772 theologi

281 2771 284 2780 '
311 2787 362 2830 cas
381 2769 517 2830 materias
538 2773 745 2847 pertractavit,
770 2792 804 2834 ac
827 2771 950 2836 haereses
971 2777 1071 2840 resuta·

311 2851 379 2922 rit,
402 2851 565 2914 Saracenos
583 2855 671 2915 etiam
692 2854 739 2916 seu
764 2854 1021 2922 Mahumedanos:
1046 2881 1071 2922 a·

309 2933 374 3011 pud
385 2952 462 3010 quos
472 2935 542 3012 ipse
553 2956 587 2998 ac
598 2955 703 3014 parens
714 2937 869 3015 degebant,
886 2931 993 3003 officiis
1002 2943 1071 3022 pub-

118 3074 121 3089 ,
187 3035 190 3039 ’
308 3015 376 3078 licis
398 3016 546 3092 desunsti3
571 3017 620 3081 sed
640 3019 709 3082 falsa
732 3021 948 3084 insimulatione
962 3024 1070 3089 CON-

309 3063 887 3179 STANTllilICoaaonrni,
910 3105 1068 3173 obzeltnn

308 3199 365 3259 pro
391 3180 507 3244 cultu
498 3185 685 3262 imaginum,
698 3185 813 3249 delatus
836 3186 952 3252 tanaus
965 3192 1067 3267 noster,

307 3283 398 3327 inanu
411 3263 515 3327 multat
503 3278 570 3342 t,us
582 3268 764 3330 occasionem
784 3270 880 3332 sumsit
902 3275 1065 3338 monastica

307 3347 378 3409 ritae
400 3347 580 3412 assumenda.
637 3351 739 3414 Refert
760 3354 827 3414 vitae
845 3353 927 3417 illius
950 3361 1065 3434 audior,

308 3447 399 3526 quem
418 3429 473 3503 ,10
485 3432 545 3494 ΑΝ
556 3433 584 3494 Ν
595 3433 618 3494 Ε
631 3433 664 3496 Μ
687 3435 881 3513 patriarchani
903 3436 1067 3521 Hierosoly-

307 3514 474 3586 initanum,
495 3535 512 3575 a
536 3515 685 3580 Saracenis
705 3516 808 3580 saeculo
821 3520 939 3583 decimo
951 3524 1068 3588 combu

307 3593 402 3668 stum,
426 3595 594 3658 essedicunt
604 3600 1066 3673 WSJODaniiscnnuit

308 3692 383 3753 ope
395 3675 477 3740 RV
502 3678 678 3748 MARIAE
714 3682 861 3812 abscissura
888 3689 1068 3772 recuperasse

306 3776 437 3825 mum

954 3854 1035 3925 Eun.
