2475 4450
163 503 282 565 rost
307 503 814 569 cnursruu.snc.xvrrr=.
836 499 908 581 433
1008 505 1010 511 ‘

199 616 343 680 Dottores
369 614 528 694 plurimum
552 615 591 678 de
610 612 656 678 his
680 614 767 680 rebus
786 618 862 681 inter
879 612 911 678 se

153 697 424 763 controvertebant.
483 697 615 761 Maxime
646 697 908 765 SPENERUS

152 778 204 846 bic
218 779 251 844 in
274 778 394 846 scenam·
406 777 563 860 prodibat,
584 777 784 857 adversarios,
811 786 840 845 dr
859 782 912 843 de-

151 864 282 928 fensores
303 863 402 944 plures
423 867 535 929 nadtus,
578 864 635 927 His
661 864 826 944 profertum
847 866 910 943 pie·

150 945 221 1012 tatis
250 943 360 1010 fincere
391 945 545 1025 quaesrvisse
577 944 654 1010 visus
673 946 732 1022 est,
761 947 910 1012 defenunr
996 989 999 995 -

106 1048 108 1050 ’
151 1024 365 1094 Lurheranisrni
384 1030 508 1105 videns;
541 1042 573 1092 at
593 1030 664 1093 dum
681 1031 794 1093 mederi
822 1029 908 1106 vult,

151 1130 215 1175 non
230 1115 329 1192 potuit
341 1132 406 1175 non
418 1114 580 1191 impingere
602 1113 636 1174 in
659 1111 783 1190 capitale
808 1115 846 1177 de
865 1116 912 1191 ju·

152 1195 324 1260 stificatione
339 1196 460 1275 dogma.
504 1193 669 1273 Theologia
687 1196 807 1274 mystica
825 1217 913 1259 revo-

154 1279 294 1354 cabatur,
315 1276 471 1357 theologiae
493 1290 591 1340 autem
612 1275 764 1356 polemioae
787 1299 913 1356 paruum

153 1362 281 1443 pretium
290 1361 487 1443 statuebatur,
498 1363 530 1421 in
544 1355 816 1430 indifferentismum
826 1362 912 1425 incli.

153 1458 224 1508 nata
243 1438 392 1507 sententia.
448 1443 650 1506 Lururrr
678 1445 856 1525 auctoritas,
881 1448 911 1507 δι

153 1524 352 1606 patrocinium
371 1546 434 1588 non
452 1521 674 1605 negligebatur,
692 1524 744 1588 alii
761 1546 829 1590 eum
849 1528 913 1607 pie·

152 1610 268 1686 tistarn,
292 1606 341 1672 alii
353 1610 414 1673 anti
435 1606 558 1671 ietistarn
575 1602 731 1672 faciebant
986 1683 988 1688 A

203 1692 350 1772 Theologi
370 1629 509 1755 Haienses
528 1692 617 1755 etiam
645 1690 839 1771 petebantur,
863 1694 915 1772 qui

110 1797 121 1817 .
153 1793 211 1839 nec
230 1769 286 1839 suis
313 1773 444 1853 partibus
468 1771 610 1851 deerant,
643 1772 796 1855 plerasque
813 1790 913 1840 tamen

154 1857 350 1938 incusationes
372 1877 427 1937 pro
453 1851 585 1919 confidis
606 1858 807 1921 venditabant.
831 1859 915 1923 Cele-

109 1945 111 1949 ’
154 1940 208 2004 bre
233 1933 526 2021 orphanotrophium
545 1937 668 2003 multant
689 1937 855 2018 disputandi
864 1963 918 2005 an.

155 2022 216 2087 sant
237 2023 386 2107 praebuit,
401 2025 484 2099 cujus
504 2019 683 2100 progreffum
703 2023 829 2087 celerem
848 2028 912 2101 ejus

156 2110 310 2182 aunores,
335 2120 541 2183 curatoresque
553 2124 608 2183 pro
627 2105 732 2168 divino
745 2108 834 2184 opere
844 2127 916 2170 ven.

156 2190 310 2266 ditabant,
330 2189 457 2270 pretium
483 2206 605 2268 operum
632 2188 835 2253 misericordiae
863 2210 916 2254 ex.

155 2273 300 2338 tollendo.
354 2271 493 2336 Halenses
523 2269 656 2351 theologi
680 2272 825 2336 voluntati
848 2273 916 2352 plus

156 2377 246 2437 quam
258 2355 438 2430 intellectui,
454 2355 506 2416 ubi
517 2354 549 2415 id
560 2368 714 2432 poterant,
736 2354 914 2433 tribuebant,

158 2440 389 2520 regenerationis
406 2439 494 2501 etiarn
520 2436 636 2500 initium
657 2458 674 2500 a
693 2438 846 2501 voluntate
873 2460 918 2502 re-

158 2523 300 2603 petendo.
346 2521 450 2598 Quoad
464 2539 554 2598 opera
565 2531 663 2583 autern
684 2519 771 2599 usque
789 2522 827 2584 ad
839 2521 918 2586 adia·

149 2607 253 2686 phora
262 2604 540 2683 progrediebantur:
560 2601 716 2679 mufioanr,
727 2603 814 2667 ludos
826 2650 836 2678 ,
847 2603 918 2667 cho.

159 2709 245 2763 reas,
257 2691 340 2764 jocos
357 2690 412 2751 &o
427 2686 573 2763 ejusmodi
591 2686 678 2749 rebus
690 2701 918 2752 annumeratunt

160 2787 227 2842 turn
247 2769 407 2845 Halenses,
429 2789 497 2832 cum
518 2768 588 2843 alii,
611 2790 675 2846 quae
688 2768 855 2834 christianos
866 2772 919 2834 de·

161 2855 310 2928 deceant,
334 2856 363 2915 &
378 2851 454 2915 salva
470 2849 646 2914 conscientia
669 2854 745 2916 inter
772 2873 822 2917 eos
844 2854 918 2916 tole·

161 2939 221 3000 rari
239 2948 396 3015 nequeant.
441 2936 531 2998 Sicin
544 2932 691 3013 plerisque
712 2936 799 2999 rebus
813 2935 918 3000 usuve-

161 3019 283 3095 niebat,
304 3031 337 3081 ut
357 3016 433 3081 ultra
450 3029 582 3096 aequum,
600 3017 763 3096 justumque
775 3020 920 3082 res-etiam

163 3103 250 3167 bonae
274 3110 464 3180 urgerentur:
488 3118 546 3177 quo
568 3098 746 3178 potissimum
773 3101 810 3164 D.
833 3103 923 3165 Sur·

166 3204 280 3248 rouro
304 3183 415 3247 invidia
436 3182 624 3249 conflabatur.
869 3191 871 3195 ’

211 3267 278 3331 Nec
292 3267 330 3329 ad
340 3264 510 3346 praesentem
529 3263 618 3342 usque
630 3265 711 3327 diem
733 3264 799 3329 lites
809 3264 853 3327 hae
872 3286 922 3346 pe·

164 3351 245 3413 nitus
258 3350 509 3428 conquieverunt,
531 3350 560 3410 δι
573 3347 694 3411 Pietistae
703 3361 763 3410 tarn
777 3351 854 3412 inter
865 3349 923 3415 Lu.

164 3433 324 3508 theranos,
346 3451 434 3511 quam
455 3431 542 3493 etiarn
567 3429 737 3494 calvinistes
758 3446 921 3497 conventus

126 3584 128 3587 ,
164 3517 232 3580 suos
245 3515 415 3591 celebrant,
430 3514 509 3592 apud
533 3511 606 3577 alios
616 3512 744 3593 peffirne
758 3515 919 3580 audientes.

165 3597 279 3666 Melior
300 3598 340 3662 est
359 3598 406 3661 Sr
419 3618 436 3659 r
448 3615 552 3659 urar
572 3595 663 3669 hodie
681 3597 782 3674 fama,
811 3601 861 3676 qui
872 3599 922 3676 ‘ab

165 3680 304 3752 omibus
317 3679 539 3829 wudetun?
552 3679 647 3752 studia
659 3678 737 3765 iilius
748 3679 919 3832 progantur.

536 3781 554 3830 r
836 3785 883 3830 re·
