2475 4450
192 562 313 621 sose
345 564 619 625 omassum.
643 540 812 644 unnim
863 554 932 635 183

166 707 322 774 ecclefiam
339 711 528 789 reciperetur.
586 712 812 787 JACOBUS
836 723 934 776 autem
1113 733 1125 796 χ

161 790 283 871 seriptis
305 795 395 855 etiam
417 794 506 856 fidem
536 794 689 871 defendit,
719 797 933 860 &doctrinam
961 823 965 829 ·
1089 791 1092 798 ’

167 874 553 956 christianamexplicavit;
576 897 666 957 opera
675 891 773 941 autem
783 880 846 956 ejus
855 877 934 946 litte·

134 960 210 1022 ⁴ris
226 959 347 1039 Syriace
357 961 522 1039 consignata
535 963 631 1024 minus
650 960 796 1025 celebrata
805 959 931 1025 fuerint

212 1042 397 1121 Discipulum
421 1044 524 1107 habuit
546 1044 836 1120 S..EPHREM,
859 1045 932 1123 qui,
952 1059 1082 1125 Bouana·

169 1126 315 1189 divinitus
325 1125 403 1189 sacra
419 1126 553 1190 doctrina
563 1128 712 1209 imbutus,
735 1126 936 1207 ecelesraeplu·
956 1164 981 1205 Ι,
1002 1148 1086 1211 febr,

169 1210 280 1272 timum
289 1210 420 1289 prosuit;
444 1213 526 1289 cujus
538 1210 662 1290 scripta,
684 1210 743 1274 hoc
758 1226 892 1290 tempore
904 1213 936 1273 in
948 1244 979 1307 p,
992 1244 1040 1307 74,

169 1290 269 1355 lucem
287 1296 455 1371 protracta,
498 1309 608 1356 novam
627 1293 725 1356 lucem
747 1308 933 1373 acceperunt

167 1376 217 1438 Ab
242 1376 387 1440 haereticis
408 1377 528 1455 quidem
538 1380 627 1440 etiam
645 1375 772 1441 lacessita
792 1378 934 1453 suerunt,

168 1460 254 1537 quod
274 1460 419 1523 versiones
443 1480 483 1523 ex
505 1462 626 1539 Syriaco
639 1463 737 1523 minus
759 1460 936 1539 respondere

169 1543 344 1606 viderentur
356 1545 479 1622 energiae
489 1542 670 1623 primigeniae
682 1544 830 1622 scripturae
841 1544 937 1622 Syria-

168 1645 237 1699 cae,
256 1647 343 1704 quam
364 1640 477 1689 veteres
489 1629 520 1687 in
531 1627 630 1689 saneto
647 1626 768 1689 destore
780 1637 937 1705 tantopere

169 1708 401 1784 collaudarent3
422 1709 472 1772 sed
496 1707 650 1772 novissima
669 1709 804 1773 Romana
823 1710 938 1785 editio,

171 1806 297 1855 curante
318 1792 481 1855 dostissrnro
506 1793 847 1868 ASSEMANNO,
876 1795 938 1869 iam
979 1855 984 1859 .

167 1877 265 1938 etiam
277 1889 393 1938 textum
409 1876 559 1955 Syriacum
578 1877 672 1956 ipsum
693 1875 859 1955 frequenter
872 1873 940 1955 sup·

167 1959 308 2039 peditat:
332 1978 372 2021 ex
389 1979 446 2037 quo
466 1959 540 2022 solvi
563 1973 707 2039 poterunt
731 1960 941 2023 contradictio-

170 2062 240 2115 nes,
258 2062 329 2120 ques
341 2062 380 2104 ex
391 2042 569 2106 versionibus
582 2041 765 2122 collegerunt
774 2040 938 2106 adversarii.

217 2126 247 2187 S.
269 2125 451 2188 Ennaeas
479 2125 615 2189 adversos
640 2143 753 2191 errores
785 2126 939 2189 sem.

173 2231 265 2283 err,
290 2211 318 2271 ἃ
339 2210 438 2270 Arar
462 2212 571 2288 pariter
591 2209 729 2272 damnat:
754 2210 781 2272 ἃ
804 2204 938 2272 licetsuo

173 2307 312 2370 tempore
338 2293 370 2352 in
397 2294 511 2354 oriente
536 2293 676 2370 posterior
701 2290 813 2353 haerefis
844 2290 938 2352 domi-

173 2388 319 2450 naretur,
339 2375 398 2452 ipse
414 2389 531 2448 tamen,
557 2373 655 2454 palam
679 2372 856 2438 Trinitatem
876 2371 939 2434 san-

173 2463 277 2534 stam,
298 2460 457 2520 increatam
471 2505 480 2533 ‚
502 2454 814 2521 &consubstantialem
827 2457 938 2534 depre-

176 2545 268 2605 dicat.
313 2540 453 2604 Praeterea
476 2541 545 2604 alias
571 2541 658 2604 etiam
677 2539 797 2602 haereses
819 2536 945 2613 refellit.

174 2623 940 2702 refertqueS.GREGORlUSNrssnrsos

175 2711 211 2770 in
237 2709 300 2784 ejus
325 2713 482 2782 encomio,
506 2709 629 2781 virtuti,
655 2727 690 2770 ac
709 2707 805 2786 vigori
819 2704 940 2782 scripto-

175 2811 246 2854 rum
270 2793 332 2865 ejus
363 2791 516 2853 haereticos
548 2789 773 2852 resistere-haud
804 2786 936 2867 potuisse.

175 2875 261 2937 Inter
292 2874 448 2951 dogmata,
480 2895 514 2936 ac
538 2874 693 2952 mysteria,
728 2893 791 2950 quae
818 2870 942 2934 illustra·

175 2959 224 3020 vit
237 3003 247 3031 ‚
268 2956 434 3023 Incarnatio
445 2957 606 3035 praeprimis
616 2957 667 3032 est,
680 2956 848 3034 frequenter
861 2971 941 3020 eom-

176 3041 334 3123 paratione
357 3041 488 3104 instituta
507 3060 577 3102 cum
591 3041 755 3118 margarita.

222 3170 306 3233 lnter
325 3170 480 3251 scriptores
501 3171 556 3234 aevi
574 3168 655 3234 illius
667 3170 766 3234 nuilus
783 3168 943 3234 mirabilior

180 3253 500 3330 fortissisime,
524 3257 602 3333 quia
625 3256 725 3334 primis
750 3255 942 3316 aetatisannis

181 3358 277 3401 caecus
308 3351 390 3400 tanto
416 3338 520 3400 ardore
551 3339 651 3401 studiis
674 3337 730 3400 sese
754 3338 883 3411 dicavit,
909 3347 944 3399 ut

180 3425 215 3484 in
230 3422 367 3484 omnibus
380 3422 528 3495 scientiis,
542 3421 628 3483 sacris
638 3422 818 3500 praeprimis,
836 3421 945 3482 emine-

180 3519 242 3580 ren
251 3505 446 3582 docendoque
456 3503 550 3566 adhuc
563 3506 665 3583 magis,
682 3524 769 3582 qoem
789 3502 942 3566 scribendo

181 3588 348 3669 praestaret:
383 3588 465 3666 quod
479 3587 523 3648 illi
546 3588 678 3666 undique
701 3585 856 3665 discipulos
867 3587 944 3648 acci·
1016 3604 1021 3610 ·

182 3676 249 3747 vit,
272 3675 322 3749 qui
333 3691 401 3735 eum
411 3671 548 3733 audiendi
567 3672 650 3735 causa
662 3669 949 3739 Alexandriameon.

182 3756 326 3824 fluebant.
361 3754 421 3822 Sed
432 3774 496 3819 non
517 3757 613 3818 minus
635 3749 949 3834 aliiexscriptisiilius

443 3890 448 3902 .
569 3836 607 3905 M
627 3857 648 3918 4
819 3833 938 3923 profi-e
