2475 4450
214 372 333 432 rosr
362 372 633 438 cmrrsrum.
663 360 824 453 mmm.
862 376 909 450 93

95 555 99 610 ;
156 534 357 602 receperunt,
387 520 467 601 quod
487 521 590 585 mundi
615 523 803 601 creationem,
825 526 912 597 variis

152 603 351 668 Archontibur
361 650 372 681 ,
382 617 384 621 ·
394 606 442 669 seu
456 607 668 688 principatibus
688 607 892 675 attribuebant„

199 720 417 788 CERDON
451 740 550 804 aperte
581 732 692 808 primus
719 728 778 792 duo
807 730 915 808 princi·

152 803 202 881 pia
223 806 359 882 admisit,
381 807 490 871 bonum
512 812 663 888 ignotum,
688 814 865 892 &patremJ
875 813 911 878 E·

153 887 232 963 SU3
258 888 365 952 malum
387 906 486 955 autem
507 896 678 973 cognitum,
712 898 762 975 qui
784 896 910 976 prophe-

152 970 193 1031 tis
220 970 296 1049 saepe
316 976 501 1051 apparuerit,
542 980 571 1039 ἃ
586 980 617 1038 in
648 976 712 1059 iege
732 977 766 1041 fit
783 978 909 1062 locutui,

153 1052 235 1115 Eum
249 1053 360 1120 secutur
377 1057 532 1121 estMAR
546 1058 694 1136 elom,
715 1081 749 1125 ac
765 1060 909 1128 celebrior

151 1138 246 1199 etiam
264 1138 372 1202 evafit:
397 1141 447 1219 qui
470 1160 531 1203 non
551 1142 611 1205 duo
626 1156 750 1221 tantum,
761 1144 811 1207 sed
825 1144 910 1226 plura

150 1219 243 1286 etiam
259 1221 373 1285 admisit
380 1224 544 1303 principia:
568 1225 712 1291 DEUM
727 1226 910 1305 invisibilem,
930 1231 1029 1309 Epiph.
1042 1231 1109 1300 hai,

152 1305 182 1365 &
195 1303 336 1381 bonum
371 1320 533 1369 craetorem
553 1309 655 1371 mundi
683 1304 845 1383 visibilem,
867 1311 911 1386 jul
931 1310 1092 1395 νομιεῖ.

151 1387 252 1462 stum,
274 1407 309 1453 ac
328 1386 467 1453 scelerum
489 1391 660 1468 vindicem
705 1391 910 1476 &diabolum
1034 1437 1036 1444 -

152 1469 334 1549 malignum,
346 1474 476 1546 medium
490 1474 567 1538 inter
576 1474 650 1538 duos
661 1476 784 1556 priores.
799 1472 910 1541 TER·

155 1553 343 1618 TULLIA
354 1554 449 1619 NUS
462 1554 549 1629 vult,
575 1577 642 1620 eum
654 1556 815 1621 secundum
829 1562 909 1639 prin-

154 1638 232 1717 cipia
250 1635 302 1701 sua
319 1657 428 1720 ¹novem
456 1639 563 1703 debere
582 1640 737 1706 admittere
761 1641 853 1714 deos,
878 1646 907 1705 ἃ

154 1720 456 1785 GREGORIUS
488 1722 588 1785 NAz.
631 1738 725 1787 totam
758 1727 785 1788 ei
821 1726 900 1789 Gno-

152 1804 313 1879 sticorum,
346 1824 380 1867 ac
389 1802 660 1871 Valentinianorum
684 1806 801 1872 Eonum
825 1809 908 1871 fabu-

151 1883 210 1953 hm
227 1889 363 1967 imputat.
406 1888 467 1950 Prae
485 1890 620 1954 omnibus
633 1891 698 1955 aliis
718 1893 751 1954 in
762 1894 911 1956 auitorem

153 1974 261 2036 veteris
296 1972 459 2034 testamenti
482 1970 663 2050 blasphemus
694 1973 782 2050 fuit,
827 1975 911 2037 mali-

153 2073 243 2135 gnum
258 2054 602 2127 aiierendo‚creatorem
625 2058 735 2119 mundi.
778 2057 911 2120 Marcio-

152 2142 220 2202 nitae
245 2139 277 2200 in
300 2141 394 2200 varias
410 2137 498 2200 scitas
519 2138 585 2199 sunt
604 2139 707 2202 divisi:
731 2159 787 2202 nec
806 2160 909 2203 omnes
1030 2201 1033 2210 ,
1100 2184 1104 2191 ·

154 2241 221 2285 eum
241 2225 275 2283 in
291 2222 427 2284 omnibus
446 2217 699 2284 suntconsestatit
735 2226 812 2284 inter
833 2241 909 2302 quos

154 2304 392 2378 APELLES,
417 2306 487 2366 licet
508 2306 581 2368 duos
604 2307 699 2380 deos,
724 2306 856 2381 bonum,
881 2309 908 2369 ἃ
930 2308 958 2370 S.
974 2306 1053 2386 Aug.

154 2385 264 2451 maium
290 2389 440 2461 statuerit3
481 2406 542 2448 non
574 2405 672 2450 tamen
704 2406 771 2452 cum
793 2387 911 2453 MAR-
928 2387 1019 2470 haerefi
1031 2407 1080 2468 23.

154 2474 175 2536 C
186 2473 200 2536 Ι
211 2474 239 2536 0
252 2471 318 2535 NE
339 2472 397 2534 duo
416 2472 556 2534 statuebat
582 2473 744 2550 principia,
783 2473 910 2534 dicendo

154 2557 265 2618 borium
299 2555 408 2617 maium
432 2554 538 2617 feciffe.
602 2554 640 2616 Et
662 2555 732 2617 licet
756 2556 792 2617 de
815 2558 910 2632 primo

96 2670 102 2677 ·
154 2639 301 2718 principio
333 2638 441 2700 summa
474 2657 594 2716 quaeque
621 2637 790 2712 dictitabat,
813 2644 912 2716 provi·

94 2734 97 2772 ῑ
156 2721 286 2785 dentiam
300 2741 396 2784 rerum
407 2719 596 2784 nihilominus
611 2720 757 2798 negabat,
784 2723 811 2782 ἃ
827 2740 912 2784 mun-

94 2847 102 2855 ·
154 2806 223 2868 dum
241 2804 323 2866 hunc
344 2803 381 2866 ab
402 2804 505 2882 angelo
521 2806 595 2882 ignis
610 2804 719 2866 fastum
732 2805 860 2883 putabat

95 2934 103 2971 .·
193 2910 352 2975 Encratitae
390 2912 478 2974 etiam
513 2909 695 2974 sestabantur
734 2908 914 2977 VALEN.
936 2913 1056 2978 Tertuii,

94 3016 107 3077 j,
156 2994 271 3058 TINI
291 2990 422 3070 fabulas,
448 3008 553 3067 vetur,
581 3013 614 3054 ac
635 3012 744 3056 novum
763 2996 915 3061 testamen·
927 2989 1081 3074 praescript.

94 3081 107 3161 j·
157 3093 214 3140 tum
230 3076 353 3141 diversis
370 3078 526 3140 tribuendo
550 3075 709 3153 principiis.
754 3075 914 3158 Hermoge·
932 3097 955 3136 c.
971 3095 1017 3148 52.

95 3163 100 3187 ³
156 3161 327 3236 niani‚&‚
353 3157 1090 3236 quosrefertPHY'LASTRIUSClemdl·

95 3237 113 3319 Ῑῗ
156 3245 227 3307 duos
251 3244 426 3319 haereticos,
451 3246 469 3306 S
484 3243 506 3305 E
519 3241 541 3299 L
552 3240 611 3304 EU
626 3241 649 3302 C
663 3238 688 3302 U
700 3244 739 3322 S,
760 3244 828 3306 &H
842 3245 915 3308 ER·
934 3246 1038 3305 strom.

155 3323 310 3400 MIAS,
343 3330 494 3388 materiam
524 3328 711 3399 increatam,
752 3329 859 3404 pariter
879 3349 914 3395 ac
933 3327 996 3386 Lib.
1013 3325 1068 3392 ΙΙΙ.

155 3406 437 3483 mmmm,
477 3408 576 3472 DEO
601 3425 775 3472 coaeternam
810 3411 913 3472 statue·
932 3411 980 3469 De
1000 3399 1093 3489 baress

95 3509 103 3517 ’·
154 3491 241 3570 bant,
269 3510 310 3554 ex
332 3512 389 3569 qua
411 3491 528 3572 plurimi
547 3492 635 3554 etiam
654 3488 823 3640 philosophi
848 3508 954 3556 cau-'a
970 3502 1016 3566 ς’ς.
1078 3497 1083 3504 “

686 3567 912 3640 LORINUS
979 3585 1002 3599 “’

773 3670 873 3741 autem

94 3563 103 3595 ⁷
153 3575 208 3642 sam
238 3575 390 3640 malorum
430 3574 608 3639 derivabant
