2475 4450
291 573 364 646 132
460 569 802 628 annectimur
842 556 942 625 inc.

278 743 335 805 na
356 708 519 805 fovent:
547 724 595 813 δι
617 744 702 802 non
730 713 862 802 solum
888 712 987 827 plus
1015 738 1077 802 no

275 849 396 926 cent,
412 828 736 943 quamprosunt3
755 828 824 911 sed
842 836 1077 922 &nonnun-

274 964 408 1068 quam
431 939 483 1026 ad
517 942 637 1026 instar
670 938 982 1053 persecutorum
1018 940 1077 1027 sae·

269 1074 411 1140 vlunt.
448 1093 449 1096 ¹

364 1184 1077 1267 CONSTANTINUSpaceexteriusred«

318 1274 407 1350 dita,
430 1274 550 1350 studio,
572 1277 600 1336 δι
622 1274 727 1336 ardore
752 1272 864 1334 summo
893 1271 999 1334 exarsit
1013 1274 1077 1341 inte

318 1359 382 1421 rius
403 1359 492 1420 etiam
511 1356 721 1435 tranquillandi
740 1354 915 1429 ecclesiam,
938 1374 1026 1432 quam
1038 1375 1077 1416 va·

319 1442 365 1503 ria
388 1440 561 1515 schismata,
600 1443 628 1502 ἃ
658 1439 777 1501 haereses
805 1438 987 1512 turbabant,
1010 1435 1077 1500 chri-

314 1524 487 1603 stianosque
505 1524 603 1586 secum
617 1524 684 1601 ipsis
709 1521 940 1585 committebant.
987 1520 1077 1582 Dona

316 1607 392 1671 tistae
416 1605 530 1670 causam
561 1606 640 1668 suam
662 1605 699 1666 ad
722 1604 816 1680 ipsum
840 1603 1030 1679 detulerunt,
1054 1606 1077 1665 dc

258 1726 260 1729 >
317 1690 438 1768 postea,
473 1688 540 1765 post
559 1687 703 1761 judicium
728 1685 874 1757 ecclebae,
914 1687 996 1763 apud
1018 1706 1077 1749 eum

319 1770 549 1848 appellationem
569 1767 813 1843 interposuerunt.
859 1768 917 1828 Sed
931 1788 1077 1848 nunquan

314 1854 357 1914 ab
378 1851 437 1913 illis
461 1852 559 1929 potuit
578 1852 611 1913 in
633 1849 828 1913 transversum
849 1851 916 1927 agi,
953 1852 1028 1916 licut
1043 1852 1075 1915 ab

316 1936 440 1999 Arianis,

359 2017 403 2080 Ab
429 2018 515 2081 initio
534 2017 620 2083 facile
649 2019 891 2092 contentionem,
925 2019 999 2081 dum
1032 2039 1074 2081 na·

316 2100 469 2177 scebatur,
493 2122 527 2166 ac
551 2103 679 2180 primum
699 2102 729 2163 se
754 2100 871 2163 efferret
907 2102 1073 2176 nulus,

316 2185 532 2264 transigendam
542 2187 647 2260 duxit,
669 2185 885 2262 docebaturque
896 2183 963 2246 zelo
978 2185 1072 2246 bono:

316 2269 538 2349 proponebatur
561 2268 605 2331 illi
633 2269 734 2344 causa,
764 2281 901 2346 tanquam
924 2289 986 2329 non
1009 2269 1073 2330 esset

316 2355 418 2431 magni
433 2355 584 2416 momenti.
608 2352 787 2414 Irascebatur
811 2353 839 2414 S.
854 2351 1073 2414 ATHan.

315 2436 420 2510 SIO,
449 2437 527 2514 quod
544 2436 741 2497 difficiliorem
766 2435 795 2496 se
814 2432 957 2512 praeberet
980 2437 1012 2495 in
1033 2455 1072 2496 re-

313 2518 455 2595 cipiendo
477 2518 607 2580 ARIO.
665 2517 853 2580 Accedebant
873 2520 960 2578 variae
982 2518 1071 2579 crimi-

312 2601 448 2662 nationes
470 2613 573 2661 contra
601 2599 977 2676 Mutudurum,
1010 2602 1071 2663 ille-

312 2680 510 2756 letianorum,
534 2685 562 2744 u
584 2682 778 2757 rimanorum,
801 2682 959 2760 prasertim
982 2685 1070 2760 quiin

313 2763 439 2836 concilia
452 2766 620 2842 congregati
630 2785 735 2843 magno
749 2786 870 2828 numero
884 2766 911 2827 S.
928 2765 1070 2828 Aufil-

312 2846 343 2908 N
353 2846 515 2913 ustum
531 2867 613 2910 reum
634 2849 801 2923 faciebant,
827 2848 1068 2926 damnabantque,

313 2949 438 3007 quorum
454 2931 566 3006 judicio
599 2932 733 2994 deferens
761 2952 822 2993 non
845 2931 992 2994 dubitavit
1012 2932 1069 2992 san-

311 3015 391 3075 cum
425 3015 522 3075 virum
552 3014 691 3077 Treviros
713 3014 849 3093 relegare.
905 3015 1068 3078 Monitusa

309 3095 481 3158 sanctissimo
493 3098 516 3158 sl
527 3097 555 3158 N
566 3097 593 3161 T
605 3099 632 3161 Ο
644 3099 672 3161 Ν
683 3098 697 3160 Ι
708 3100 735 3161 Ο
747 3098 950 3176 respondebat,
972 3097 1067 3159 senon

183 3212 190 3228 ·
235 3209 244 3227 .
306 3178 388 3258 posse
397 3200 458 3240 non
470 3181 583 3242 deferre
599 3195 643 3243 tot
653 3181 803 3259 prasulum
813 3182 934 3256 judicie.
968 3181 1068 3243 Trevi·

306 3263 932 3340 1isquidemaCONSTthTINO
958 3262 1066 3326 filioli·

306 3344 443 3408 beraliter
471 3346 606 3421 habitus,
637 3351 664 3409 &
681 3347 778 3424 postea
806 3349 893 3408 etiam
909 3367 925 3407 a
952 3347 1014 3409 CO
1028 3347 1066 3408 N·

306 3428 439 3492 STAN
450 3430 477 3493 T
489 3430 541 3493 10
561 3447 715 3493 revocatus
729 3429 769 3491 est
782 3451 790 3504 3
813 3429 862 3491 scd
881 3429 961 3491 hunc
974 3429 1064 3506 ipsum

304 3511 416 3574 hostem
434 3516 598 3576 maximum
620 3530 681 3571 non
703 3527 762 3573 tam
792 3513 820 3574 S.
843 3511 1064 3574 llTHllNA·

305 3595 350 3659 Sl
362 3595 441 3662 US.
472 3615 556 3674 quam
577 3593 695 3656 ecclesia
717 3599 802 3656 nacta
826 3595 885 3667 est,
907 3596 1062 3671 prasertim

302 3676 1061 3758 postmortemcousTnNTlN1,&coN.

303 3753 680 3832 STANTlSsratrum.
973 3842 1019 3917 Ab
