2475 4450
789 305 798 340 Ι

185 383 301 441 POST
326 378 688 447 cutiacum-suc.
718 386 758 447 V·
843 386 913 460 191

154 526 187 600 ia
208 541 347 608 apertum
360 528 481 600 schisma
504 534 602 613 erupit
622 534 768 598 orientem
790 536 870 601 inter
885 537 916 601 ἀ

154 612 366 689 occidentem,
399 627 486 692 atque
509 616 660 682 ecclefiam
682 617 864 684 horrendum
882 623 918 687 in

152 696 278 760 modum
316 697 495 764 dilaceravit.
551 700 780 779 Imperatoribus
816 720 918 783 pravae

155 780 249 844 causae
265 780 432 845 faventibus
450 782 581 863 episcopi
592 782 640 847 uel
660 784 803 863 relegati,
823 786 918 852 velin

155 876 255 945 partes
266 863 333 927 sunt
351 865 496 943 traducti,
513 866 833 947 Corntaminopolitani
844 886 919 950 pra-

154 948 261 1027 primis
294 947 920 1027 FanlTn‚ncn01US&a.a

153 1051 214 1109 quo
233 1029 355 1093 schisma
369 1032 547 1095 Acacianum
574 1033 614 1094 est
636 1034 754 1104 dietum.
798 1036 919 1100 Excita-

153 1126 221 1177 tum
243 1112 300 1176 effe
329 1116 482 1178 incentore
508 1113 648 1192 diabolo,
680 1116 809 1181 historici
829 1119 919 1197 pleri·

153 1217 213 1277 que
236 1197 330 1261 Graeci
348 1213 487 1261 narrant:
521 1200 685 1263 daemonem
716 1199 920 1266 Constantino·

148 1279 292 1365 politano
308 1281 482 1359 patriarchae
493 1281 521 1344 S.
546 1282 645 1346 GEN
655 1282 684 1345 N
694 1284 756 1347 nl)
769 1283 784 1346 I
795 1285 823 1349 Ο
834 1303 920 1350 oran·

150 1364 917 1527 iiiiussemostiilhn'iffiiiiihhiiiiii

334 1491 344 1523 l
750 1491 760 1525 5
908 1490 921 1505 '

154 1544 246 1593 vetet
282 1531 583 1607 Gummaurus,
616 1532 717 1611 postea
741 1536 853 1611 majora
871 1551 921 1600 ec·

154 1610 252 1677 cleliae
271 1610 348 1677 mala
365 1611 524 1679 illaturum.

199 1734 239 1800 In
270 1735 368 1801 Africa
405 1733 597 1816 'quidemsub
633 1735 662 1802 S.
687 1734 919 1807 AURELIO

155 1820 238 1901 (qui
271 1818 552 1884 Tertullianistarum
582 1819 703 1883 haeresrn
727 1827 844 1901 penitus
868 1844 921 1891 ex·

154 1905 316 1981 tinxerat)
338 1908 366 1967 &
388 1906 416 1968 S.
442 1903 770 1982 AUGUSTINO,
797 1906 921 1985 aliisque

154 1984 338 2051 sanciifflmis
359 1986 548 2067 praesulibus,
571 2006 618 2049 res
642 1987 830 2051 ecclefiastica
845 1992 922 2070 opti.

155 2071 258 2134 moin
276 2068 350 2133 statu
362 2084 444 2146 erat3
475 2082 506 2131 at
525 2069 684 2133 Donatistae
707 2090 810 2150 pacem
825 2071 924 2139 narba·

157 2155 242 2218 bant
287 2153 545 2217 Circumcelliones
558 2152 916 2231 praesertimcaedibusde-

159 2236 381 2313 bachabantur,
405 2238 535 2300 maxime
548 2237 577 2299 S.
592 2237 648 2300 Au
662 2256 681 2298 c
695 2257 715 2298 u
728 2254 741 2299 s
753 2257 775 2300 u
787 2261 798 2298 1
811 2258 864 2299 reo
877 2240 923 2301 in.

157 2321 276 2396 fidiati,
297 2321 401 2385 fnustra
415 2320 559 2401 episcopis
578 2338 682 2399 pacem
705 2322 919 2400 quarentibus:

160 2422 197 2470 ut
219 2425 293 2484 opus
316 2406 405 2467 fuerit
427 2403 628 2483 imperatorias
643 2401 744 2482 leges,
782 2404 924 2484 &prasa-

162 2489 246 2554 dium
270 2501 371 2550 contra
385 2508 435 2550 eos
457 2483 624 2566 implorare.
668 2486 838 2551 Fueruntin
851 2508 924 2552 con-

162 2573 234 2637 cilio
258 2570 474 2649 Carthaginensi
499 2569 650 2648 episcopi,
676 2574 725 2648 qui
746 2572 858 2650 legibus
874 2576 925 2635 'co-
943 2581 1027 2644 eonc.
1054 2579 1091 2651 T„

162 2655 278 2735 gendos
296 2675 399 2717 omnes
415 2654 557 2732 putabant
567 2655 605 2716 ad
625 2657 864 2719 communionem
877 2677 924 2718 ca.
940 2670 980 2730 ῃ,
1010 2682 1041 2742 p,

162 2738 316 2802 tholicam.
360 2739 389 2801 S.
412 2738 468 2799 Au
481 2755 501 2797 c
513 2756 534 2797 u
545 2756 558 2798 s
569 2753 591 2797 n
603 2758 613 2796 r
627 2752 650 2797 u
663 2755 684 2797 u
698 2758 711 2799 s
735 2738 833 2816 potius
845 2740 925 2817 paci·
945 2768 1031 2826 1109,
1060 2752 1089 2825 S,

161 2823 227 2886 ficis
249 2820 455 2884 collationibus
478 2820 602 2883 suaviter
624 2818 814 2884 adducendos
830 2821 925 2884 existi-
941 2833 1021 2912 Aug,
1043 2846 1083 2917 ep,

163 2906 284 2979 mabat3
308 2920 338 2968 at
355 2904 539 2982 experientia
555 2903 676 2977 docuit,
698 2905 772 2968 nihil
787 2921 835 2969 eas
856 2924 925 2983 pro·
945 2931 990 2990 50,

163 2988 284 3053 feciffe:
308 2987 358 3051 vel
381 2991 461 3051 enim
487 2986 622 3052 conferre
647 2987 868 3065 detrectabant,
883 2989 926 3050 di-

164 3086 290 3146 center,
312 3072 344 3133 id
369 3070 420 3132 fibi
445 3089 514 3132 cum
537 3071 764 3149 peccatoribus,
793 3089 927 3149 quosvca-

162 3155 294 3220 tholicos
306 3154 519 3232 indigitabant‚
542 3170 604 3213 non
620 3151 728 3217 licere:
754 3152 804 3217 vel
816 3154 928 3230 judicio

163 3241 240 3303 stare
252 3238 416 3301 renuebant
430 3237 519 3298 etiam
537 3235 616 3298 vieti.
661 3235 702 3299 Ut
717 3237 826 3299 accidit
836 3239 869 3298 in
881 3257 930 3300 ce·

164 3323 243 3386 lebri
252 3320 414 3383 collatione
427 3317 642 3398 Carthaginensi
654 3317 793 3398 presente
809 3317 844 3382 Μ
855 3318 930 3383 AR.

164 3405 256 3470 CEL
269 3404 294 3466 L
305 3403 318 3464 I
329 3405 357 3465 N
370 3404 398 3466 O
419 3402 546 3465 comite:
569 3402 620 3465 ubi
638 3404 788 3466 manifeste
800 3402 931 3466 succum·
1038 3428 1044 3440 ·

162 3489 292 3562 bentes‚
322 3486 443 3548 minime
474 3485 639 3561 cefferunt,
676 3485 931 3548 Mancucrr.

163 3592 223 3638 uu
236 3594 262 3637 n
285 3571 449 3646 comitem,
475 3567 669 3640 convictionia
697 3566 931 3651 coniufioniaqup

758 3650 890 3726 testimo.
