2475 4450
312 568 383 649 104
458 577 513 631 ur
559 574 944 634 uocunrursrc.
1032 619 1035 624 .

344 718 427 795 fuit,
450 737 514 797 quae
524 739 585 782 non
595 718 753 798 aliquando
767 716 939 798 singularem
952 715 1025 779 crud
1052 716 1062 794 ⁸.

351 802 389 871 nis
403 802 661 882 vinrfitperpeffa.
871 834 888 877 i,

393 885 529 963 Undique
546 885 736 949 nihilominus
757 888 851 963 magis
871 884 1022 964 magisque
1041 902 1054 945 r
1109 891 1112 896 '

322 1036 324 1039 ¹
354 969 403 1046 gio
431 968 582 1030 christiana
609 968 795 1046 percrebuit,
824 972 1036 1046 &propagata
1055 965 1088 1027 ei.

352 1049 397 1112 Eo
415 1054 566 1129 potentior
582 1071 685 1113 manus
697 1050 831 1129 apparuit
850 1049 938 1113 DEI
954 1064 1089 1128 proteger-
1111 1114 1118 1132 1

353 1134 414 1207 tis,
436 1134 530 1195 divini
551 1132 661 1196 consilii
680 1133 723 1195 sui
741 1134 878 1207 decreta,
900 1135 986 1209 juxta
997 1153 1030 1195 ac
1038 1150 1091 1211 prr·
1112 1135 1118 1156 ¹

355 1216 435 1277 dina
453 1215 519 1279 sunt
540 1237 557 1279 a
571 1216 747 1295 prophetis,
770 1214 907 1277 effectum
920 1217 1035 1291 euntis,
1050 1233 1093 1294 qu
1115 1265 1118 1295 ,

354 1301 448 1376 magis
478 1299 604 1363 humana
642 1300 762 1362 fuerunt
792 1296 914 1361 adversa
950 1298 1118 1363 molimine:

355 1381 484 1443 Africam
505 1380 669 1445 universam
698 1380 844 1459 evangelii
861 1380 916 1442 lux
937 1382 1097 1460 occuparis

358 1463 467 1527 Gallias
490 1467 598 1541 etiam,
629 1485 665 1527 ac
683 1484 736 1543 per
762 1463 912 1543 Illyricum
943 1465 976 1525 in
997 1464 1098 1527 Germi-

356 1548 438 1610 niam
458 1549 645 1626 penetravit,
678 1548 758 1611 unde
776 1548 915 1624 deinceps
936 1546 1049 1626 reliqua
1064 1545 1118 1622 ic-¹

357 1630 562 1713 prennionalis
589 1629 676 1709 plaga
700 1629 796 1693 lucem
820 1629 944 1706 accepit.
989 1626 1118 1708 Quaede'

359 1712 468 1775 celebri
498 1712 627 1776 DION
636 1712 753 1775 YSIO
789 1710 939 1774 Gallicano
968 1712 1102 1786 ferunun,

358 1796 398 1857 ad
416 1797 480 1857 haec
498 1795 617 1857 tandem
629 1807 761 1871 tempora
775 1793 841 1857 sunt
852 1796 1038 1873 revocanda,
1054 1811 1104 1857 non

359 1878 398 1939 de
416 1878 590 1955 Areopagrta
609 1877 762 1941 PAULI
782 1876 944 1956 discipulo,
965 1877 1018 1940 sed
1041 1877 1105 1941 Pari-

357 1960 439 2030 fienfi
464 1959 563 2022 sumta.
823 1978 826 1984 ·

401 2041 486 2105 Circa
502 2041 565 2105 haec
587 2043 675 2105 eriam
699 2055 831 2122 tempora
854 2044 1004 2123 principes
1026 2042 1108 2107 hodie

360 2126 676 2189 Germanico-Romani
696 2127 810 2203 imperii
828 2125 929 2203 sedes,
964 2126 1110 2207 Mugunti-

359 2230 418 2285 na,
440 2208 643 2285 Coloniensrs,
663 2207 861 2285 Trevirenfis‚
890 2231 925 2274 ac
939 2212 1036 2289 primo
1050 2210 1108 2290 qui-

351 2294 431 2356 *dem
451 2291 503 2355 sub
519 2313 581 2356 uno
605 2290 786 2355 veribnribbs
804 2292 900 2356 adhuc
920 2293 1058 2374 episcopo
1074 2292 1112 2355 ef·

359 2376 505 2450 floruere,
526 2389 560 2438 ut
578 2375 740 2438 constanter
770 2374 895 2454 ecclefiae
919 2377 1027 2439 faciem
1048 2375 1112 2438 reti·

361 2458 472 2534 nuiise,
496 2479 563 2520 curn
582 2455 906 2537 perennisucceffions,
927 2456 1110 2538 dicipoffint.

361 2543 455 2603 Antea
480 2542 576 2613 enirn,
600 2540 622 2600 sr
642 2540 719 2601 forte
742 2539 892 2618 apostolici
905 2542 968 2605 viri
991 2541 1062 2604 fidei
1074 2539 1113 2602 se·

362 2623 442 2684 mina
462 2622 615 2696 jecerunt,
632 2623 664 2682 in
674 2620 764 2684 herba
778 2624 915 2701 iniquitas,¹
935 2637 1111 2704 temporum,

276 2722 278 2727 ·
361 2722 398 2765 ac
417 2701 552 2764 inimicus
576 2701 667 2764 homo
688 2703 858 2781 suffocavit,
884 2717 919 2768 ut
933 2707 1048 2785 radices
1070 2726 1112 2769 ca·

363 2802 454 2864 pere,
490 2803 525 2846 ac
545 2785 721 2854 consolidari
741 2805 803 2849 non
823 2788 958 2866 potuerit'
970 2788 1111 2854 sementis.

363 2864 425 2929 Sub
446 2864 509 2929 baec
534 2870 622 2930 etiarn
646 2882 778 2948 tempora
804 2868 927 2934 celebris
950 2870 1023 2934 oiim
1046 2870 1114 2937 Lau·

229 3003 231 3007 .
361 2947 539 3105 {³10an
550 2951 669 3015 ecclesia
677 2952 798 3017 fundata
808 2953 964 3019 creditura
979 2953 1115 3023 &FLO-

635 3201 678 3313 §-
705 3200 803 3289 xn.

131 3346 260 3499 §cuns
373 3345 560 3435 Externae
569 3348 886 3462 persecutiones,
900 3346 1116 3463 quibuslaa

131 3446 271 3577 ff*
318 3456 539 3545 ceffebatur
559 3458 747 3558 ecclefia,
775 3460 895 3544 etiam
917 3464 1115 3548 internum

310 3567 408 3684 ejus
444 3572 639 3657 unitatem
674 3568 929 3669 lacerabant,
970 3598 1115 3661 eurum

320 3679 454 3784 cauib,
474 3685 547 3800 qui
573 3680 669 3801 lapfi
692 3686 735 3770 in
758 3679 1041 3799 persecutione
1055 3713 1117 3771 re<

632 3852 641 3863 .
963 3820 1065 3886 con-
