2475 4450
1141 304 1152 544 l

320 533 398 619 aaa
509 538 565 594 or
586 536 829 593 nocturni
853 528 942 595 sac

361 682 501 755 Euuo
523 681 1004 761 seuEONnnSTELLA,
1036 697 1120 771 capa·

362 782 394 832 ta
407 767 534 830 vanitate
547 785 586 827 ex
606 768 727 827 nomine
745 765 797 828 suo
814 765 1033 833 Valentinianis
1050 772 1121 835 usim

362 862 420 924 to,
448 850 487 911 ad
505 848 568 911 suas
583 851 785 911 emanationes
805 849 1017 928 designandas,
1035 854 1121 917 nescio

362 932 437 1012 quid
452 932 586 995 divinum
607 931 656 1009 se,
680 952 715 993 ac
734 931 890 1010 discipulos
912 934 982 999 suos
999 930 1122 1001 vendita·

364 1018 414 1079 vit
430 1019 561 1092 judicem
588 1018 749 1091 vicorum,
787 1016 827 1089 sd
849 1031 1043 1082 mortuorum
1065 1023 1118 1097 &a

362 1098 520 1176 Quosdam
536 1095 745 1175 discipulorum
766 1097 884 1161 suorum
899 1101 1046 1179 angelos,
1059 1103 1123 1167 alios
1150 1071 1154 1134 ι

362 1180 532 1260 apostolos3
561 1178 642 1245 hunc
664 1178 854 1259 sapientiam,
878 1182 968 1247 illum
989 1187 1126 1263 judicium

362 1263 544 1344 appellabat.

405 1368 840 1436 PetrobrussraniaPETRO
861 1369 900 1433 de
918 1369 1122 1444 Bnurssuut

365 1456 440 1521 diui
454 1475 463 1531 ;
485 1455 558 1518 ficut
579 1454 617 1517 ab
638 1454 701 1530 ejus
726 1450 866 1533 discipulo
890 1453 918 1515 H
931 1455 957 1517 E
968 1456 999 1517 N
1010 1456 1038 1519 R
1048 1451 1122 1521 100

367 1541 458 1603 etiam
469 1537 642 1602 Henrieiani
654 1551 805 1598 vocantur.
830 1536 935 1599 Parum
950 1537 1051 1615 abest,
1065 1542 1122 1619 quir

367 1618 1155 1687 DU-PINIUSPETRUilldeBsorsha-'

368 1706 528 1767 reticorum
559 1702 785 1772 omniumurr‘rc
813 1702 964 1780 perversas
986 1704 1123 1769 dostrinas
1151 1765 1155 1776 ,

368 1785 574 1849 invehentium
596 1783 707 1847 habeat
717 1775 924 1864 ''primipilumz
958 1787 1066 1851 tribuit
1087 1811 1126 1853 au·
1143 1775 1158 1892 *1

369 1882 432 1931 tem
454 1870 503 1943 ei,
528 1868 610 1945 quod
625 1865 798 1947 baptismum
812 1867 963 1932 infantum
986 1874 1125 1949 rejecerit,

369 1949 487 2015 adultos
509 1948 588 2013 solos
610 1950 805 2029 baptizandos
830 1950 983 2028 voluerit,
1015 1956 1126 2036 templa,
1155 1953 1158 1962 '

372 2034 514 2099 &altaria
525 2034 718 2107 destruenda,
738 2054 798 2095 non
811 2034 996 2098 adorandam
1006 2059 1125 2116 crucem,
1149 2041 1159 2088 Υ

370 2138 429 2181 nec
450 2116 655 2180 celebrandam
677 2116 809 2195 missam,
826 2121 896 2181 ‘aut
918 2118 1127 2202 eleemosynas,
1154 2107 1160 2148 ¹

371 2222 428 2265 nec
440 2220 542 2280 preces
554 2220 609 2279 pro
622 2201 744 2265 mortuis
759 2200 934 2265 fundendas.
959 2202 1129 2286 Caeteriple·
1155 2246 1158 2251 -

372 2287 455 2364 rique
476 2285 605 2346 haretici
625 2297 698 2347 tunc
721 2283 920 2360 sacramenta,
943 2289 1079 2367 ritusque
1091 2312 1129 2354 ec·

372 2368 464 2433 clesrae
485 2367 671 2430 damnabant
714 2368 779 2430 Nec
798 2367 910 2431 alienus
934 2369 995 2433 fuit
1010 2392 1027 2434 a
1042 2374 1130 2438 Mani·
1154 2324 1160 2457 Ι

373 2449 500 2517 chaismo
521 2450 719 2513 PETRUS
744 2450 782 2512 de
806 2449 956 2526 Biturs,
994 2458 1046 2532 qui
1068 2471 1161 2544 tunc-2

372 2537 480 2598 iterum
508 2532 703 2597 invalescebat
715 2578 725 2607 ‚
753 2548 786 2596 ut
800 2533 854 2596 PE
866 2534 893 2596 T
903 2534 931 2597 R
942 2535 971 2597 U
981 2537 1001 2599 S
1037 2539 1061 2603 C
1074 2564 1091 2602 r.
1102 2562 1129 2602 u.

374 2636 628 2679 uriacensis
648 2615 787 2690 testator,
815 2618 865 2693 qui
874 2618 1080 2686 recensionem
1093 2645 1130 2688 er·

371 2718 473 2762 rorum
487 2697 566 2761 illius
585 2698 790 2785 episcoporum
801 2700 912 2774 judicio
929 2700 1053 2767 obtulit
1148 2732 1157 2813 1

420 2812 580 2876 Manichaei
600 2820 699 2875 autern
715 2811 774 2874 hoc
787 2833 849 2874 aevo
871 2812 923 2874 sub
945 2815 1071 2875 nomine
1085 2813 1129 2875 Ca·
1150 2841 1152 2849 ·

373 2894 525 2959 tharorum
534 2895 778 2975 apostolicorum,
796 2898 824 2958 dc
844 2894 1046 2974 Albigenfium
1066 2893 1129 2974 gras·
1150 2872 1154 2919 ¹

373 2978 517 3042 sabantur.
583 2977 725 3042 Catharos
758 2978 851 3040 dictos
893 2992 982 3057 putat
1023 2977 1153 3059 utu-ff

374 3061 641 3125 SCHENIUS
674 3080 691 3124 a
721 3077 795 3123 voce
816 3061 993 3124 Germanica
1029 3069 1125 3136 Catu,

376 3166 439 3224 quae
448 3145 537 3208 felem
552 3143 710 3207 masculum
726 3144 873 3221 deignat,
886 3146 956 3222 quia
966 3147 1057 3208 nodie
1070 3164 1128 3207 con·
1149 3136 1154 3167 ¹

375 3230 476 3294 venire
495 3227 572 3290 soliti
590 3227 664 3290 sunt
710 3226 798 3304 Quod
811 3226 966 3289 verifimite
986 3227 1067 3290 haud
1084 3227 1126 3302 fit,

374 3312 533 3392 potiusque
550 3331 568 3374 a
587 3308 721 3389 singulari
742 3310 889 3389 puritate,
909 3330 999 3388 quam
1024 3310 1129 3372 asseda-

375 3395 447 3458 bant
468 3395 618 3467 exterius,
643 3393 682 3455 iic
703 3394 797 3455 diuos
810 3405 906 3470 puto,
922 3397 1050 3455 nomine
1061 3391 1127 3454 haud

373 3478 506 3554 insueto,
530 3496 586 3539 nec
607 3475 782 3539 Manichaeis
805 3475 863 3536 hoc
886 3477 1020 3554 primum
1035 3474 1127 3538 saeculo

377 3563 497 3635 indito,
524 3561 656 3638 quamvis
678 3559 735 3621 sese
757 3579 838 3621 nunc
855 3562 986 3621 maxime
999 3558 1128 3640 prodide·

373 3647 457 3718 rint,
478 3655 565 3721 atque
585 3642 680 3705 varias
692 3640 783 3705 Italiae
801 3686 810 3716 ‚
829 3640 1052 3722 Galliarumque
1070 3661 1127 3720 pro·

374 3728 487 3793 vincias
500 3725 667 3794 mouerint.
711 3724 797 3789 Unde
808 3727 917 3790 iterum
930 3728 1028 3798 varias
1037 3744 1094 3872 aon
1093 3723 1126 3787 se
