2475 4450
300 562 445 620 aune
485 561 758 623 cumanum.
885 561 916 639 ¹7

157 719 212 771 tum
228 705 419 783 resuscitato,
439 708 591 788 postonam
610 710 643 771 in
662 729 781 789 poenam
795 710 911 790 peccati

153 792 180 852 in
201 791 357 872 pulverem
377 791 531 865 redactum
556 792 654 855 fuerit.
699 794 770 857 Haec
799 791 911 857 summa

153 875 188 936 est
209 875 351 937 domina
364 874 527 951 revelate,
544 873 718 955 praescriptio
738 875 855 955 insuper
866 877 911 939 uf-

150 955 224 1020 ficiis
244 957 392 1037 religionis
415 957 512 1036 quoad
541 977 643 1022 omnes
664 958 840 1036 sanitates,
860 979 913 1024 ex·

111 1061 113 1086 ³
142 1042 264 1116 -oernin,
300 1044 330 1105 ἀ
355 1042 479 1103 internis
515 1040 638 1106 mirifice
667 1041 912 1122 conspirantibus,

151 1124 286 1201 tatione,
314 1122 565 1200 &revelatioue,
587 1138 713 1202 natura,
745 1128 911 1205 &gratiat
1003 1120 1007 1126 ’
1049 1119 1053 1126 ’

153 1206 222 1269 dum
241 1208 342 1270 omnia
364 1208 403 1271 ad
428 1206 683 1286 cognoscendum,
709 1213 737 1273 ἃ
756 1210 915 1274 amandum

152 1289 316 1367 DEUM,
352 1290 567 1369 fruendumque
595 1290 708 1356 summo
739 1292 820 1354 bono
844 1293 915 1355 diri·

152 1387 279 1452 guntur,
311 1394 347 1438 ac
379 1374 533 1453 spectant,
567 1387 629 1438 tam
661 1378 693 1437 in
716 1375 792 1452 hac,
826 1393 916 1454 quam

151 1457 242 1520 altera
256 1459 339 1521 vita:
372 1456 477 1538 quibua
508 1456 594 1521 rebus
618 1457 714 1522 cultus
736 1458 821 1522 fimul
840 1458 917 1521 divi·

151 1559 225 1617 nus,
253 1561 383 1620 quema
411 1554 543 1605 creatura
569 1541 706 1607 rationali
733 1557 835 1621 petere
862 1560 918 1620 po·
1025 1581 1029 1588 -

152 1624 229 1769 {lib
252 1625 385 1701 constat,
411 1627 440 1687 &
463 1626 563 1688 divina
583 1627 696 1708 gloria,
730 1625 917 1704 hominisque

192 1719 286 1772 lcltas.

190 1789 423 1856 Neceffeautem
434 1790 917 1870 fiiitperrevelationemhaecom.

155 1873 201 1934 nia
211 1875 368 1952 patefieri,
383 1875 451 1954 quia
462 1888 565 1938 natura
577 1876 637 1955 ipsa
650 1879 783 1940 innatum
793 1874 916 1940 felicita·

143 1958 193 2018 -tis
202 1960 369 2037 appetimm
376 1977 434 2021 nec
448 1957 554 2036 satiat,
573 1961 636 2023 imo
647 1958 697 2023 sna
714 1960 914 2038 corruptione,

159 2041 186 2102 ἃ
207 2041 240 2102 in
265 2041 379 2105 malum
412 2043 581 2119 pronitate,
609 2042 654 2105 vab
675 2061 711 2106 ea
730 2042 918 2106 deflectitu-

159 2122 316 2202 cellanter‚
349 2137 453 2187 contra
481 2123 572 2188 DEI
593 2123 778 2189 voluntatem
796 2128 826 2188 ἃ
844 2144 918 2204 prae·

158 2205 267 2271 stitutus
287 2207 372 2272 fines.
417 2208 507 2285 Quod
522 2210 593 2272 dum
611 2208 666 2285 fit,
689 2211 796 2272 iratum
820 2207 919 2272 reddi·

159 2301 202 2352 tur
224 2293 365 2368 Numen3
390 2291 480 2354 homo
498 2305 596 2354 autem
619 2291 757 2370 placandi
774 2289 849 2353 illud
863 2309 920 2353 uec

158 2375 277 2438 modum
305 2377 413 2450 novit,
448 2396 505 2452 nec
525 2377 614 2436 etiam
631 2393 684 2452 per
701 2375 750 2448 le,
789 2385 921 2436 creatura

157 2458 221 2520 vilis
242 2479 314 2522 cum
332 2459 389 2534 fit,
411 2459 510 2521 DEO
532 2458 658 2520 creaturi
681 2455 846 2519 satisfiacere
867 2473 921 2535 po·

160 2542 228 2617 test,
252 2541 364 2605 etiamst
386 2543 590 2620 poenitentiam
610 2553 700 2619 agat:
724 2559 781 2618 qua
795 2537 855 2600 sola
873 2539 920 2614 jus

160 2620 256 2688 laesum
273 2645 338 2688 non
360 2639 529 2702 reparatur,
550 2640 600 2686 aut
614 2626 720 2700 injuria
741 2621 842 2686 DEO
857 2619 921 2683 illa.

159 2720 186 2769 ta
205 2709 348 2782 sarcitur;
374 2707 424 2770 sed
439 2728 512 2786 opus
533 2708 573 2769 est
592 2709 757 2769 mediatore
766 2703 840 2778 tali,
870 2703 920 2782 qui

161 2792 286 2872 dignus,
306 2803 451 2870 aptusque
465 2790 500 2852 fit
520 2792 558 2852 ad
580 2790 805 2852 satisfactionem
819 2786 919 2854 DEO

159 2874 368 2952 praestandam:
401 2888 434 2938 ut
448 2873 538 2934 homo
564 2875 674 2936 iterum
692 2873 725 2934 in
740 2871 862 2949 gratiam
875 2888 922 2931 te-

163 2962 215 3038 cipi
238 2970 409 3033 merentur,
432 2959 460 3019 ἄ
481 2955 566 3035 culpa
583 2957 634 3018 sua
651 2954 765 3018 amillau
780 2954 877 3026 vitea,
892 2954 922 3014 &

110 3086 113 3143 ἰ
163 3043 301 3117 lubfidia,
324 3042 430 3119 jusque
445 3039 483 3101 ad
504 3039 677 3102 felicitatem
690 3049 871 3114 recuperat,
887 3050 923 3097 ac

111 3148 112 3191 l
163 3139 280 3204 peccata
293 3123 408 3200 expiet.
452 3121 543 3200 Igitur
557 3119 924 3200 sapientiffimnnNumen

110 3198 113 3287 l
166 3210 219 3272 nli
231 3230 244 3271 s
255 3229 269 3271 s
282 3229 293 3267 1
307 3227 330 3267 A
343 3226 367 3266 n
391 3205 563 3281 destinavit,
589 3225 626 3267 ac
642 3205 756 3278 statim,
773 3201 854 3280 lapso
865 3199 924 3278 pri-

165 3312 207 3354 mo
225 3302 374 3371 patente,
398 3288 556 3368 promisit:
597 3289 668 3350 dum
691 3304 802 3348 novum
826 3282 923 3345 foedus

168 3395 223 3437 cum
239 3375 367 3436 homine
395 3372 472 3433 inire
493 3369 709 3449 dignatusest,
732 3369 841 3430 mutuis
857 3385 926 3444 pro·

169 3459 366 3533 missionibus,
395 3455 545 3534 pactisque
560 3452 777 3517 conditionibus
791 3446 928 3528 singulari

171 3546 265 3618 untia:
306 3559 382 3605 cum
404 3556 462 3617 pto
485 3536 616 3614 supremo
645 3536 776 3598 dominio
791 3529 935 3613 potuillet

169 3625 281 3694 absolute
297 3623 449 3704 obsequia
471 3621 641 3684 omnimoda
649 3621 804 3700 requirere.

534 3830 598 3909 a,
748 3777 887 3911 ω’.
