2475 4450
165 554 288 615 rosr
316 552 587 617 coruscum.
611 555 706 618 sno
725 556 789 619 ιιι.
859 549 931 640 ιμ’

162 691 265 768 misera
293 712 413 776 morte,
455 722 509 766 ceu
533 703 606 767 alter
638 704 794 780 JUDAS
818 706 935 776 medius

161 799 298 868 creperet
322 787 424 861 ejeois
452 786 618 851 visceribus.

201 936 291 1001 Mors
303 936 398 1013 turpis
418 933 532 997 ARII
548 933 677 1006 fideliter
698 939 759 1004 aS.
782 938 933 1007 ATHA-

157 1018 317 1083 NASIO
345 1017 457 1092 relata,
490 1016 598 1083 celebri
625 1021 663 1082 ad
686 1022 930 1089 SERAPIO

157 1102 272 1166 NEM
296 1100 415 1180 epistola
435 1062 543 1164 multos
562 1102 683 1182 quidem
702 1106 738 1168 ab
761 1126 860 1169 errore
881 1128 927 1172 re·

158 1187 302 1260 vocavit3
326 1184 377 1246 sed
398 1181 591 1248 nihilominus
622 1186 721 1263 postea
749 1189 927 1256 Arianilmuo

132 1283 135 1298 ¹
157 1268 255 1333 multo
272 1270 364 1346 magis
388 1287 474 1346 quarn
493 1281 578 1330 antea
597 1269 745 1335 invaluit:
769 1271 840 1335 licet
860 1274 926 1350 ejus

157 1352 315 1415 sectatores
344 1350 398 1414 fibi
432 1370 494 1411 non
520 1351 707 1429 constarent,
739 1375 773 1417 ac
797 1355 926 1420 diversae

157 1435 228 1498 fidei
259 1432 403 1496 formulas
431 1433 596 1496 identidem
616 1436 650 1496 in
673 1434 729 1500 suis
744 1437 925 1503 conciliabu-

157 1517 192 1580 lis
214 1517 422 1598 procuderent
466 1516 555 1579 Unde
575 1519 703 1594 accidit,
725 1522 803 1583 utin
819 1521 925 1584 notio

157 1619 232 1676 ner,
255 1604 284 1664 δι
306 1613 404 1677 partes
423 1598 476 1677 iplr
501 1564 723 1677 scinderentur,
746 1602 796 1665 alii
817 1606 922 1683 magis,

105 1703 108 1714 ’
158 1683 207 1747 alii
228 1684 325 1747 minus
338 1681 473 1745 Verbum
498 1682 632 1748 divinum
659 1647 882 1764 blalpemarunt

105 1878 106 1912 3
196 1832 257 1897 Alii
277 1829 453 1896 ARIUM
482 1831 604 1911 prellius
615 1832 846 1940 sequebantur
870 1838 923 1917 qui

104 1955 113 1967 ·
158 1932 279 1996 verbum
313 1945 474 2008 creaturam
498 1916 575 2009 c'Z'
554 1948 600 1996 roc
613 1949 706 1994 οντων
724 1933 841 2013 praecise
868 1936 922 1999 sta·

158 2018 229 2092 trit,
263 2014 428 2079 defeetibus
454 2029 566 2079 naturae
593 1954 778 2094 obnoxiupm‚
811 2021 840 2080 ἃ
871 2018 923 2083 sua

104 2104 114 2164 ζ
157 2112 271 2161 tantum
296 2098 448 2163 voluntate
472 2099 626 2163 abillis
616 2120 786 2165 immunem.
840 2100 924 2165 Hinc

109 2186 117 2246 ἵ
156 2180 260 2246 Filium
283 2182 362 2246 Patri
387 2182 552 2246 dillirnilem
574 2182 672 2263 palam
694 2181 921 2264 profitebantur,

104 2325 120 2348 .-
156 2287 186 2329 ac
210 2269 351 2328 Anomoei
380 2267 446 2329 funt
479 2268 571 2341 dieti,
604 2267 641 2328 ab
669 2266 920 2330 EUNOMIO

107 2375 124 2412 e
157 2353 242 2412 etiam
266 2351 462 2412 Eunomiani:
486 2351 522 2411 ab
538 2349 697 2412 AETIO
711 2350 833 2412 Attiani.
858 2350 920 2426 Qui

110 2438 124 2496 ,ἲ
155 2433 316 2511 liquando
341 2433 461 2495 limilem
488 2433 594 2497 Filium
623 2434 701 2496 Patri
737 2431 917 2507 afferebant,

104 2540 124 2577 ι’
155 2532 270 2580 tantum
292 2517 390 2596 quoad
420 2516 602 2580 voluntatem
625 2516 657 2578 id
680 2513 806 2593 intelligi
835 2513 918 2579 vole·

105 2624 123 2661 :-
156 2601 233 2663 bant.

192 2684 252 2748 Alii
274 2683 346 2745 dicti
365 2683 548 2746 semi-Ariani
569 2682 786 2746 similitudinem
804 2681 837 2745 in
857 2682 920 2762 ipsa
1039 2698 1043 2706 ’

104 2769 115 2824 i·
153 2766 308 2829 substantia
327 2767 538 2830 admittebant:
574 2766 778 2845 &aliquando
810 2765 846 2828 ab
867 2767 941 2834 ad·'

104 2854 109 2908 ἱ
154 2851 238 2913 versa
268 2851 398 2912 factione
421 2849 567 2928 opprellr,
599 2852 721 2928 propius
749 2851 838 2911 etiam
861 2871 914 2913 ve-

105 2954 111 2980 ’-
152 2935 233 2998 ritati
255 2934 397 2996 accedere
426 2932 598 2995 videbantur
624 2954 640 2994 a
667 2931 916 3009 LIBERIO,

104 3036 111 3073 .·
151 3016 252 3079 oblata
276 3016 454 3078 confeffione
483 3017 574 3092 fidei,
610 3036 645 3078 ac
665 3015 850 3113 delegatione
873 3016 918 3077 so·

150 3099 244 3161 lemni
266 3099 471 3179 episcoporum
494 3100 592 3175 facta,
623 3101 656 3159 in
678 3101 918 3162 communionem

150 3183 276 3261 recepti

193 3267 253 3329 Sed
274 3267 387 3345 prodiit
407 3266 495 3344 paulo
518 3265 582 3343 post
615 3284 718 3329 eorum
747 3263 820 3327 alter
843 3263 916 3327 blas-

150 3338 308 3428 phemus
299 3371 332 3410 ιιι
355 3351 494 3426 Spiritum
524 3349 653 3411 sanorum
685 3370 765 3412 error
797 3351 916 3416 auctore

150 3431 310 3510 pracsertim
334 3431 679 3506 MACEDONIO,
714 3433 795 3494 unde
821 3431 916 3509 fingu-

151 3515 219 3578 laris
240 3512 318 3579 secia
337 3514 623 3577 Macedonianorum
643 3515 683 3578 est
705 3527 789 3589 orta,
811 3516 860 3590 qui
876 3514 914 3573 de

152 3599 307 3662 divinitate
340 3596 408 3660 Filii
443 3598 672 3660 controversiain
701 3618 762 3658 non
791 3597 915 3674 amplius

151 3696 329 3756 moventes,
350 3679 510 3743 multorum
535 3681 677 3748 sententia
697 3683 784 3742 etiam
804 3700 837 3740 ea
849 3698 914 3755 par-

152 3778 181 3830 te
203 3758 392 3840 orthodoxi,
424 3765 456 3833 id
483 3764 522 3829 de
543 3764 655 3846 Spiritu
686 3760 916 3926 santlobggge„
