2475 4450
298 539 349 619 14
455 542 515 599 oe
551 541 807 606 uocrntun
839 541 934 599 sac.

335 686 377 752 ob
396 687 466 753 vitae
491 687 719 768 longevitatem.
761 690 911 764 Deinceps
935 686 1013 747 auter

335 793 396 851 que
416 774 456 835 ad
474 792 531 834 nos
550 792 614 834 non
634 771 728 835 solum
745 792 799 852 per
823 772 972 847 scripturae
993 789 1013 847 p

333 858 460 920 nitatem
480 854 567 919 facile
591 856 715 934 perferri
736 858 835 919 omnia
852 864 1013 934 potuerunt

337 959 405 1003 rum
422 942 513 1002 etiam
530 958 583 1018 pet
603 938 706 1018 populi
718 939 815 1016 illius,
836 941 884 1002 cui
898 935 1013 1014 scriptur

335 1020 651 1104 laeconfignataesunt,
675 1023 713 1083 ad
724 1023 894 1101 praefentem
914 1018 1002 1097 usque

333 1105 581 1187 perseverantiam
607 1104 756 1183 hodieque
776 1107 849 1169 certi
871 1104 1013 1167 reddimu

375 1220 568 1301 Reliquorum
582 1222 715 1298 gentium
729 1218 847 1281 historia
867 1238 930 1280 non
951 1216 1013 1280 folo

333 1301 380 1368 hil
400 1306 434 1366 in
458 1305 644 1366 eontrarium
675 1301 764 1363 habet
788 1300 925 1365 Mosaicae
951 1300 1013 1362 hist<

335 1407 442 1454 verum
474 1387 582 1462 etiam,
614 1385 721 1463 srquae
735 1399 786 1447 aut
807 1384 913 1447 fabulis
945 1385 1013 1446 inv<

337 1481 390 1535 eut
402 1472 466 1550 jugi
478 1469 637 1531 traditione
657 1470 694 1529 ad
709 1468 838 1546 posteros
851 1467 949 1530 delata
964 1466 1013 1529 sun

378 1552 437 1616 neu
457 1552 563 1615 litteris
578 1551 644 1613 sunt
657 1550 826 1625 comitia,
850 1571 918 1613 cum
930 1570 1013 1613 narra

373 1636 467 1699 oraim
486 1634 566 1697 haud
587 1632 708 1695 obscure
728 1635 929 1697 conveniunt:
953 1645 1013 1696 uta

334 1720 376 1781 tio
403 1720 464 1794 jam
493 1718 534 1779 est
560 1716 758 1793 declaratum,
790 1717 1013 1780 demonstratum

300 1825 307 1832 ·
334 1814 476 1880 quantum
495 1798 581 1861 licuit
600 1801 689 1861 etiam
708 1819 746 1862 ex
765 1802 895 1879 poeticis-
911 1799 1013 1878 scripti

335 1886 486 1948 creatione
493 1882 597 1943 mnndi
607 1901 647 1943 ex
661 1882 756 1957 chao,
770 1885 808 1945 de
823 1884 874 1945 Pu
886 1904 904 1945 o
917 1906 940 1944 n
951 1903 969 1944 n
981 1901 1003 1944 r

332 1981 468 2044 mentem
500 1964 577 2027 coelo
608 1965 779 2040 auferente,
814 1987 849 2030 ac
872 1965 1013 2046 corpusi

330 2068 409 2118 num
422 2051 591 2122 animante,
612 2068 701 2110 aureo
720 2047 846 2125 foculo,
867 2049 1000 2128 statuque

303 2161 305 2166 ·
335 2133 469 2213 gritatis:
493 2130 532 2193 de
547 2131 732 2193 daemoneob
751 2132 897 2208 Jovrs,
917 2131 1013 2207 seuJ1

304 2252 306 2256 ·
334 2236 393 2279 vn
425 2212 615 2279 offeniionem
645 2214 728 2278 coelis
756 2215 932 2290 deturbato,
970 2214 1012 2278 hu

333 2301 436 2380 generi
454 2299 577 2361 infesto:
602 2297 641 2361 de
652 2296 838 2378 longaevitate
853 2300 1008 2362 hominum

335 2382 503 2466 gigantibus
523 2385 579 2445 &o

378 2495 446 2557 Nec
467 2513 539 2555 vero
557 2493 666 2568 Judaeis
689 2493 805 2557 crimini
827 2493 890 2556 dari
908 2493 1006 2572 potest

338 2575 457 2640 abillis
480 2576 607 2638 conficta
628 2575 684 2639 effe
706 2595 742 2638 ea
766 2577 886 2639 demum
913 2589 1013 2652 etate!

336 2661 504 2739 primorum
536 2671 704 2738 temporum
730 2679 775 2722 res
814 2659 1013 2730 oblivioned

337 2742 451 2805 fuerint
480 2742 531 2805 diu
550 2742 631 2822 apud
661 2741 806 2804 homines.
861 2743 1014 2822 Scriptae

337 2825 419 2905 apud
430 2827 524 2888 varias
552 2824 662 2902 seems,
693 2825 801 2900 Judaeis
819 2825 965 2900 infensas,
988 2826 1013 2887 dr

303 2916 308 2928 '
337 2907 442 2972 eadem
456 2920 596 2984 manent,
616 2905 774 2987 praesertim
786 2909 865 2987 apud
889 2909 1013 2972 Samarit

339 2990 418 3070 ipsos
438 2993 527 3054 etiam
552 2990 743 3066 christianos,
764 3012 798 3054 ac
816 2991 929 3070 semper
948 3011 1005 3070 pro

337 3075 419 3136 nim's
434 3073 580 3153 inspiratis
599 3075 679 3153 apud
698 3074 754 3137 hos
769 3094 873 3138 omnes
903 3073 971 3136 sunt
991 3073 1013 3135 h

336 3156 404 3222 Nec
415 3156 526 3237 aliquid
546 3157 602 3221 hac
630 3159 731 3220 divina
754 3159 869 3236 origine
889 3158 1013 3236 indigna

335 3240 452 3315 tinent,
485 3239 569 3303 ficuti
586 3261 644 3304 neo
666 3239 727 3319 ipsa
749 3239 871 3320 religio:
904 3260 968 3319 quae
989 3261 1013 3320 o]

334 3322 495 3403 prescribit
525 3323 622 3388 officia
643 3343 712 3404 erga
732 3323 896 3399 DEUM,
931 3326 1013 3386 nosi

334 3426 372 3470 ac
394 3419 516 3470 caeteros
537 3407 693 3485 homines,
719 3407 751 3469 in
771 3406 823 3471 ufu
841 3405 1013 3470 facultatum

336 3491 443 3567 nium,
470 3491 509 3555 ad
530 3490 723 3570 prestitutum
752 3489 869 3553 summae
887 3489 1014 3554 felicitat

334 3575 619 3653 nem‚·reeeptione
636 3575 669 3635 in
687 3575 809 3654 gratiam
821 3573 983 3647 secundum
1004 3594 1013 3637 a

338 3655 424 3720 fimas
446 3657 582 3733 justitia,
617 3657 647 3720 ἃ
674 3657 878 3722 misericordiae
901 3656 1006 3737 legent

304 3766 307 3773 ·
339 3735 434 3807 homo
449 3737 554 3821 sponte
573 3737 624 3807 fua
639 3736 898 3808 libertateabusus
915 3741 1013 3886 pninlriu
