<?xml version="1.0" encoding="UTF-8"?>
<!DOCTYPE html PUBLIC "-//W3C//DTD XHTML 1.0 Transitional//EN"
    "http://www.w3.org/TR/xhtml1/DTD/xhtml1-transitional.dtd">
<html xmlns="http://www.w3.org/1999/xhtml" xml:lang="en" lang="en">
 <head>
  <title>
</title>
<meta http-equiv="Content-Type" content="text/html;charset=utf-8" />
  <meta name='ocr-system' content='tesseract 3.04.00' />
  <meta name='ocr-capabilities' content='ocr_page ocr_carea ocr_par ocr_line ocrx_word'/>
</head>
<body>
  <div class='ocr_page' id='page_1' title='image "./principiatheolo00gerbgoog/principiatheolo00gerbgoog_0307.png"; bbox 0 0 2475 4450; ppageno 0'>
   <div class='ocr_carea' id='block_1_1' title="bbox 166 354 920 457">
    <p class='ocr_par' dir='ltr' id='par_1_1' title="bbox 166 354 920 457">
     <span class='ocr_line' id='line_1_1' title="bbox 166 354 920 457; baseline -0.007 -30"><span class='ocrx_word' id='word_1_1' title='bbox 166 373 298 450; x_wconf 65' lang='lat' dir='ltr'>rurs</span> <span class='ocrx_word' id='word_1_2' title='bbox 324 374 602 443; x_wconf 18' lang='lat' dir='ltr'>cinarus-uui.</span> <span class='ocrx_word' id='word_1_3' title='bbox 620 377 714 437; x_wconf 77' lang='lat' dir='ltr'>sne.</span> <span class='ocrx_word' id='word_1_4' title='bbox 743 354 819 448; x_wconf 77' lang='lat' dir='ltr'>uin,</span> <span class='ocrx_word' id='word_1_5' title='bbox 843 370 920 457; x_wconf 72' lang='lat'>235.</span> 
     </span>
    </p>
   </div>
   <div class='ocr_carea' id='block_1_2' title="bbox 98 518 1115 2508">
    <p class='ocr_par' dir='ltr' id='par_1_2' title="bbox 98 518 1115 2508">
     <span class='ocr_line' id='line_1_2' title="bbox 98 518 1098 605; baseline 0.001 -23"><span class='ocrx_word' id='word_1_6' title='bbox 98 544 113 590; x_wconf 76' lang='lat' dir='ltr'>t</span> <span class='ocrx_word' id='word_1_7' title='bbox 180 518 334 583; x_wconf 80' lang='lat' dir='ltr'>.Eundem</span> <span class='ocrx_word' id='word_1_8' title='bbox 351 519 449 583; x_wconf 85' lang='lat' dir='ltr'>zelum</span> <span class='ocrx_word' id='word_1_9' title='bbox 476 541 531 601; x_wconf 90' lang='lat' dir='ltr'>pro</span> <span class='ocrx_word' id='word_1_10' title='bbox 547 521 627 585; x_wconf 87' lang='lat' dir='ltr'>cultu</span> <span class='ocrx_word' id='word_1_11' title='bbox 641 522 801 587; x_wconf 72' lang='lat' dir='ltr'>sanctarum</span> <span class='ocrx_word' id='word_1_12' title='bbox 816 525 919 605; x_wconf 86' lang='lat' dir='ltr'>imagi-</span> <span class='ocrx_word' id='word_1_13' title='bbox 981 570 1009 583; x_wconf 44' lang='lat'>&gt;.</span> <span class='ocrx_word' id='word_1_14' title='bbox 1096 560 1098 567; x_wconf 92' lang='lat'>·</span> 
     </span>
     <span class='ocr_line' id='line_1_3' title="bbox 98 604 927 692; baseline 0.011 -29"><span class='ocrx_word' id='word_1_15' title='bbox 98 634 111 673; x_wconf 58' lang='lat' dir='ltr'>a</span> <span class='ocrx_word' id='word_1_16' title='bbox 155 620 229 665; x_wconf 88' lang='lat' dir='ltr'>num</span> <span class='ocrx_word' id='word_1_17' title='bbox 249 604 277 666; x_wconf 86' lang='lat' dir='ltr'>S.</span> <span class='ocrx_word' id='word_1_18' title='bbox 296 604 437 666; x_wconf 83' lang='lat' dir='ltr'>GERM</span> <span class='ocrx_word' id='word_1_19' title='bbox 448 608 471 667; x_wconf 88' lang='lat' dir='ltr'>ii</span> <span class='ocrx_word' id='word_1_20' title='bbox 482 606 511 681; x_wconf 92' lang='lat' dir='ltr'>N</span> <span class='ocrx_word' id='word_1_21' title='bbox 521 605 577 667; x_wconf 85' lang='lat' dir='ltr'>US</span> <span class='ocrx_word' id='word_1_22' title='bbox 601 608 765 684; x_wconf 87' lang='lat' dir='ltr'>patriarcha</span> <span class='ocrx_word' id='word_1_23' title='bbox 785 607 927 692; x_wconf 51' lang='lat' dir='ltr'>Cpolitav</span> 
     </span>
     <span class='ocr_line' id='line_1_4' title="bbox 154 686 915 766; baseline 0.009 -20"><span class='ocrx_word' id='word_1_24' title='bbox 154 705 212 748; x_wconf 92' lang='lat' dir='ltr'>nus</span> <span class='ocrx_word' id='word_1_25' title='bbox 223 686 450 748; x_wconf 90' lang='lat' dir='ltr'>demonstravit:</span> <span class='ocrx_word' id='word_1_26' title='bbox 464 690 669 766; x_wconf 89' lang='lat' dir='ltr'>cumprimum</span> <span class='ocrx_word' id='word_1_27' title='bbox 681 690 704 753; x_wconf 90' lang='lat' dir='ltr'><strong>L</strong></span> <span class='ocrx_word' id='word_1_28' title='bbox 716 692 738 753; x_wconf 87' lang='lat' dir='ltr'>E</span> <span class='ocrx_word' id='word_1_29' title='bbox 750 692 777 754; x_wconf 94' lang='lat'>0</span> <span class='ocrx_word' id='word_1_30' title='bbox 794 690 808 752; x_wconf 92' lang='grc' dir='ltr'>Ι</span> <span class='ocrx_word' id='word_1_31' title='bbox 820 710 833 753; x_wconf 90' lang='lat' dir='ltr'>s</span> <span class='ocrx_word' id='word_1_32' title='bbox 846 712 868 751; x_wconf 81' lang='lat' dir='ltr'>A</span> <span class='ocrx_word' id='word_1_33' title='bbox 878 712 915 753; x_wconf 88' lang='lat' dir='ltr'>u-</span> 
     </span>
     <span class='ocr_line' id='line_1_5' title="bbox 153 769 913 853; baseline 0.011 -24"><span class='ocrx_word' id='word_1_34' title='bbox 153 787 174 829; x_wconf 83' lang='lat' dir='ltr'>ir</span> <span class='ocrx_word' id='word_1_35' title='bbox 188 791 199 828; x_wconf 88' lang='lat'>1</span> <span class='ocrx_word' id='word_1_36' title='bbox 211 790 229 831; x_wconf 93' lang='lat' dir='ltr'>c</span> <span class='ocrx_word' id='word_1_37' title='bbox 240 789 260 829; x_wconf 92' lang='lat' dir='ltr'>u</span> <span class='ocrx_word' id='word_1_38' title='bbox 271 789 284 830; x_wconf 91' lang='lat' dir='ltr'>s</span> <span class='ocrx_word' id='word_1_39' title='bbox 298 790 395 831; x_wconf 88' lang='lat' dir='ltr'>earum</span> <span class='ocrx_word' id='word_1_40' title='bbox 408 769 436 831; x_wconf 89' lang='lat' dir='ltr'>se</span> <span class='ocrx_word' id='word_1_41' title='bbox 448 770 559 832; x_wconf 89' lang='lat' dir='ltr'>hostem</span> <span class='ocrx_word' id='word_1_42' title='bbox 572 770 742 848; x_wconf 80' lang='lat' dir='ltr'>declararet,</span> <span class='ocrx_word' id='word_1_43' title='bbox 754 771 810 836; x_wconf 89' lang='lat' dir='ltr'>sese</span> <span class='ocrx_word' id='word_1_44' title='bbox 820 794 913 853; x_wconf 91' lang='lat' dir='ltr'>oppo-</span> 
     </span>
     <span class='ocr_line' id='line_1_6' title="bbox 98 850 1030 934; baseline 0.012 -23"><span class='ocrx_word' id='word_1_45' title='bbox 98 883 104 919; x_wconf 84' lang='grc'>,·</span> <span class='ocrx_word' id='word_1_46' title='bbox 151 850 233 925; x_wconf 89' lang='lat' dir='ltr'>suit,</span> <span class='ocrx_word' id='word_1_47' title='bbox 258 872 292 914; x_wconf 94' lang='lat' dir='ltr'>ac</span> <span class='ocrx_word' id='word_1_48' title='bbox 312 853 490 915; x_wconf 88' lang='lat' dir='ltr'>constantem</span> <span class='ocrx_word' id='word_1_49' title='bbox 512 854 671 917; x_wconf 78' lang='lat' dir='ltr'>sanstarum</span> <span class='ocrx_word' id='word_1_50' title='bbox 696 857 856 934; x_wconf 87' lang='lat' dir='ltr'>imaginum</span> <span class='ocrx_word' id='word_1_51' title='bbox 878 878 912 921; x_wconf 87' lang='lat' dir='ltr'>u·</span> <span class='ocrx_word' id='word_1_52' title='bbox 1029 864 1030 872; x_wconf 78' lang='grc'>’</span> 
     </span>
     <span class='ocr_line' id='line_1_7' title="bbox 151 933 913 1018; baseline 0.009 -23"><span class='ocrx_word' id='word_1_53' title='bbox 151 933 218 997; x_wconf 91' lang='lat' dir='ltr'>sum</span> <span class='ocrx_word' id='word_1_54' title='bbox 230 933 400 998; x_wconf 84' lang='lat' dir='ltr'>vindicavit.</span> <span class='ocrx_word' id='word_1_55' title='bbox 445 937 559 999; x_wconf 80' lang='lat' dir='ltr'>Certior</span> <span class='ocrx_word' id='word_1_56' title='bbox 570 953 666 1000; x_wconf 89' lang='lat' dir='ltr'>autem</span> <span class='ocrx_word' id='word_1_57' title='bbox 676 939 789 1015; x_wconf 75' lang='lat' dir='ltr'>fastus,</span> <span class='ocrx_word' id='word_1_58' title='bbox 803 940 913 1018; x_wconf 90' lang='lat' dir='ltr'>episco-</span> 
     </span>
     <span class='ocr_line' id='line_1_8' title="bbox 150 1020 958 1097; baseline 0.01 -19"><span class='ocrx_word' id='word_1_59' title='bbox 150 1037 210 1097; x_wconf 92' lang='lat' dir='ltr'>pos</span> <span class='ocrx_word' id='word_1_60' title='bbox 233 1020 373 1097; x_wconf 88' lang='lat' dir='ltr'>quosdam</span> <span class='ocrx_word' id='word_1_61' title='bbox 396 1021 600 1097; x_wconf 86' lang='lat' dir='ltr'>imperatorem</span> <span class='ocrx_word' id='word_1_62' title='bbox 624 1023 655 1082; x_wconf 91' lang='lat' dir='ltr'>in</span> <span class='ocrx_word' id='word_1_63' title='bbox 670 1020 721 1083; x_wconf 88' lang='lat' dir='ltr'>suo</span> <span class='ocrx_word' id='word_1_64' title='bbox 741 1031 842 1085; x_wconf 91' lang='lat' dir='ltr'>&#39;errore</span> <span class='ocrx_word' id='word_1_65' title='bbox 865 1022 915 1085; x_wconf 88' lang='lat' dir='ltr'>fir·</span> <span class='ocrx_word' id='word_1_66' title='bbox 955 1052 958 1059; x_wconf 63' lang='lat'><strong><em>¹</em></strong></span> 
     </span>
     <span class='ocr_line' id='line_1_9' title="bbox 150 1098 913 1180; baseline 0.007 -18"><span class='ocrx_word' id='word_1_67' title='bbox 150 1120 257 1175; x_wconf 84' lang='lat' dir='ltr'>mare,</span> <span class='ocrx_word' id='word_1_68' title='bbox 270 1101 396 1179; x_wconf 90' lang='lat' dir='ltr'>epistolis</span> <span class='ocrx_word' id='word_1_69' title='bbox 410 1103 503 1177; x_wconf 83' lang='lat' dir='ltr'>datis,</span> <span class='ocrx_word' id='word_1_70' title='bbox 518 1123 569 1165; x_wconf 88' lang='lat' dir='ltr'>eos</span> <span class='ocrx_word' id='word_1_71' title='bbox 588 1098 757 1167; x_wconf 83' lang='lat' dir='ltr'>dehortatus</span> <span class='ocrx_word' id='word_1_72' title='bbox 777 1106 836 1180; x_wconf 90' lang='lat' dir='ltr'>est,</span> <span class='ocrx_word' id='word_1_73' title='bbox 851 1107 913 1169; x_wconf 90' lang='lat' dir='ltr'>cul-</span> 
     </span>
     <span class='ocr_line' id='line_1_10' title="bbox 151 1184 913 1263; baseline 0.005 -18"><span class='ocrx_word' id='word_1_74' title='bbox 151 1198 241 1256; x_wconf 88' lang='lat' dir='ltr'>tum,</span> <span class='ocrx_word' id='word_1_75' title='bbox 259 1187 287 1245; x_wconf 78' lang='lat' dir='ltr'>dt</span> <span class='ocrx_word' id='word_1_76' title='bbox 299 1184 380 1247; x_wconf 86' lang='lat' dir='ltr'>usum</span> <span class='ocrx_word' id='word_1_77' title='bbox 393 1186 550 1263; x_wconf 84' lang='lat' dir='ltr'>imaginum</span> <span class='ocrx_word' id='word_1_78' title='bbox 564 1186 726 1249; x_wconf 89' lang='lat' dir='ltr'>defendens</span> <span class='ocrx_word' id='word_1_79' title='bbox 736 1208 753 1248; x_wconf 89' lang='lat' dir='ltr'>a</span> <span class='ocrx_word' id='word_1_80' title='bbox 765 1187 833 1249; x_wconf 81' lang='lat' dir='ltr'>falsa</span> <span class='ocrx_word' id='word_1_81' title='bbox 847 1189 913 1249; x_wconf 88' lang='lat' dir='ltr'>ido-</span> 
     </span>
     <span class='ocr_line' id='line_1_11' title="bbox 149 1266 1115 1349; baseline 0.006 -21"><span class='ocrx_word' id='word_1_82' title='bbox 149 1266 296 1340; x_wconf 81' lang='lat' dir='ltr'>lolatriae‚</span> <span class='ocrx_word' id='word_1_83' title='bbox 328 1288 367 1345; x_wconf 87' lang='lat' dir='ltr'>ac</span> <span class='ocrx_word' id='word_1_84' title='bbox 386 1268 596 1345; x_wconf 87' lang='lat' dir='ltr'>superstitionis</span> <span class='ocrx_word' id='word_1_85' title='bbox 615 1266 829 1348; x_wconf 85' lang='lat' dir='ltr'>imputatione,</span> <span class='ocrx_word' id='word_1_86' title='bbox 855 1290 911 1349; x_wconf 85' lang='lat' dir='ltr'>qua</span> <span class='ocrx_word' id='word_1_87' title='bbox 1054 1329 1060 1348; x_wconf 69' lang='lat'><em>„</em></span> <span class='ocrx_word' id='word_1_88' title='bbox 1111 1340 1115 1346; x_wconf 55' lang='grc'>,</span> 
     </span>
     <span class='ocr_line' id='line_1_12' title="bbox 151 1324 1113 1435; baseline 0.004 -23"><span class='ocrx_word' id='word_1_89' title='bbox 151 1350 331 1413; x_wconf 87' lang='lat' dir='ltr'>onerabatur</span> <span class='ocrx_word' id='word_1_90' title='bbox 352 1350 388 1412; x_wconf 89' lang='lat' dir='ltr'>ab</span> <span class='ocrx_word' id='word_1_91' title='bbox 405 1353 467 1427; x_wconf 85' lang='lat' dir='ltr'>ejus</span> <span class='ocrx_word' id='word_1_92' title='bbox 490 1350 629 1416; x_wconf 88' lang='lat' dir='ltr'>hostibus.</span> <span class='ocrx_word' id='word_1_93' title='bbox 676 1351 749 1435; x_wconf 86' lang='lat' dir='ltr'>Tres</span> <span class='ocrx_word' id='word_1_94' title='bbox 759 1351 838 1414; x_wconf 92' lang='lat' dir='ltr'>illius</span> <span class='ocrx_word' id='word_1_95' title='bbox 847 1348 913 1432; x_wconf 85' lang='lat' dir='ltr'>epi·</span> <span class='ocrx_word' id='word_1_96' title='bbox 932 1326 968 1389; x_wconf 72' lang='lat' dir='ltr'>T·</span> <span class='ocrx_word' id='word_1_97' title='bbox 986 1324 1054 1393; x_wconf 69' lang='grc' dir='ltr'>γῙῙ·</span> <span class='ocrx_word' id='word_1_98' title='bbox 1108 1390 1113 1407; x_wconf 80' lang='lat'><strong>·</strong></span> 
     </span>
     <span class='ocr_line' id='line_1_13' title="bbox 151 1429 1097 1512; baseline 0.003 -17"><span class='ocrx_word' id='word_1_99' title='bbox 151 1433 235 1495; x_wconf 82' lang='lat' dir='ltr'>stolae</span> <span class='ocrx_word' id='word_1_100' title='bbox 248 1435 406 1496; x_wconf 89' lang='lat' dir='ltr'>etiamnum</span> <span class='ocrx_word' id='word_1_101' title='bbox 422 1433 589 1512; x_wconf 83' lang='lat' dir='ltr'>supersunt,</span> <span class='ocrx_word' id='word_1_102' title='bbox 605 1436 683 1497; x_wconf 92' lang='lat' dir='ltr'>inter</span> <span class='ocrx_word' id='word_1_103' title='bbox 696 1438 758 1497; x_wconf 78' lang='lat' dir='ltr'>asia</span> <span class='ocrx_word' id='word_1_104' title='bbox 771 1435 912 1499; x_wconf 89' lang='lat' dir='ltr'>concilio-</span> <span class='ocrx_word' id='word_1_105' title='bbox 927 1429 1006 1471; x_wconf 61' lang='lat' dir='ltr'>mm·</span> <span class='ocrx_word' id='word_1_106' title='bbox 1026 1450 1034 1471; x_wconf 80' lang='grc'>·“</span> <span class='ocrx_word' id='word_1_107' title='bbox 1067 1441 1071 1446; x_wconf 85' lang='grc'><em>’</em></span> <span class='ocrx_word' id='word_1_108' title='bbox 1095 1443 1097 1450; x_wconf 87' lang='grc'><strong>’</strong></span> 
     </span>
     <span class='ocr_line' id='line_1_14' title="bbox 151 1507 1041 1600; baseline 0.003 -21"><span class='ocrx_word' id='word_1_109' title='bbox 151 1536 220 1579; x_wconf 87' lang='lat' dir='ltr'>rum</span> <span class='ocrx_word' id='word_1_110' title='bbox 230 1515 336 1592; x_wconf 78' lang='lat' dir='ltr'>relata:</span> <span class='ocrx_word' id='word_1_111' title='bbox 361 1516 477 1594; x_wconf 84' lang='lat' dir='ltr'>reliquae</span> <span class='ocrx_word' id='word_1_112' title='bbox 490 1518 703 1581; x_wconf 88' lang='lat' dir='ltr'>interciderunt</span> <span class='ocrx_word' id='word_1_113' title='bbox 711 1537 838 1596; x_wconf 89' lang='lat' dir='ltr'>unacum</span> <span class='ocrx_word' id='word_1_114' title='bbox 849 1513 911 1600; x_wconf 78' lang='lat' dir='ltr'>aliis</span> <span class='ocrx_word' id='word_1_115' title='bbox 923 1507 944 1570; x_wconf 75' lang='grc' dir='ltr'><strong><em>Ρ</em></strong></span> <span class='ocrx_word' id='word_1_116' title='bbox 946 1536 953 1553; x_wconf 91' lang='grc'><em>·</em></span> <span class='ocrx_word' id='word_1_117' title='bbox 970 1508 1041 1568; x_wconf 77' lang='lat'><strong>²9⁰·</strong></span> 
     </span>
     <span class='ocr_line' id='line_1_15' title="bbox 152 1596 1004 1684; baseline 0.004 -22"><span class='ocrx_word' id='word_1_118' title='bbox 152 1602 219 1674; x_wconf 90' lang='lat' dir='ltr'>ejus</span> <span class='ocrx_word' id='word_1_119' title='bbox 232 1596 377 1677; x_wconf 87' lang='lat' dir='ltr'>operibus.</span> <span class='ocrx_word' id='word_1_120' title='bbox 422 1600 557 1663; x_wconf 89' lang='lat' dir='ltr'>Creditur</span> <span class='ocrx_word' id='word_1_121' title='bbox 576 1605 677 1663; x_wconf 64' lang='lat' dir='ltr'>auctor</span> <span class='ocrx_word' id='word_1_122' title='bbox 690 1603 786 1684; x_wconf 86' lang='lat' dir='ltr'>operis</span> <span class='ocrx_word' id='word_1_123' title='bbox 803 1602 840 1664; x_wconf 90' lang='lat' dir='ltr'>de</span> <span class='ocrx_word' id='word_1_124' title='bbox 861 1600 910 1665; x_wconf 84' lang='lat' dir='ltr'>sex</span> <span class='ocrx_word' id='word_1_125' title='bbox 997 1659 1004 1672; x_wconf 81' lang='grc'><em>,</em></span> 
     </span>
     <span class='ocr_line' id='line_1_16' title="bbox 151 1650 1078 1760; baseline 0.006 -17"><span class='ocrx_word' id='word_1_126' title='bbox 151 1680 910 1760; x_wconf 57' lang='lat' dir='ltr'>concinamusTsitoaiiiiouirio,</span> <span class='ocrx_word' id='word_1_127' title='bbox 931 1650 1078 1737; x_wconf 61' lang='lat' dir='ltr'>l&#39;masi-</span> 
     </span>
     <span class='ocr_line' id='line_1_17' title="bbox 150 1742 1069 1843; baseline 0.004 -16"><span class='ocrx_word' id='word_1_128' title='bbox 150 1766 312 1843; x_wconf 66' lang='lat' dir='ltr'>perfectius</span> <span class='ocrx_word' id='word_1_129' title='bbox 322 1779 444 1827; x_wconf 89' lang='lat' dir='ltr'>autema</span> <span class='ocrx_word' id='word_1_130' title='bbox 465 1766 522 1827; x_wconf 85' lang='lat' dir='ltr'>LE</span> <span class='ocrx_word' id='word_1_131' title='bbox 543 1766 726 1832; x_wconf 84' lang='lat' dir='ltr'><strong>MOYNE</strong></span> <span class='ocrx_word' id='word_1_132' title='bbox 740 1768 819 1830; x_wconf 91' lang='lat' dir='ltr'>editi.</span> <span class='ocrx_word' id='word_1_133' title='bbox 864 1774 911 1831; x_wconf 90' lang='lat' dir='ltr'>De</span> <span class='ocrx_word' id='word_1_134' title='bbox 926 1760 979 1801; x_wconf 60' lang='lat' dir='ltr'>“a</span> <span class='ocrx_word' id='word_1_135' title='bbox 993 1743 1030 1802; x_wconf 78' lang='lat' dir='ltr'>T·</span> <span class='ocrx_word' id='word_1_136' title='bbox 1043 1742 1069 1804; x_wconf 80' lang='grc' dir='ltr'>Ῑ·</span> 
     </span>
     <span class='ocr_line' id='line_1_18' title="bbox 153 1827 1101 1930; baseline 0.004 -20"><span class='ocrx_word' id='word_1_137' title='bbox 153 1850 268 1910; x_wconf 80' lang='lat' dir='ltr'>theoria</span> <span class='ocrx_word' id='word_1_138' title='bbox 286 1870 386 1909; x_wconf 78' lang='lat' dir='ltr'>rerum</span> <span class='ocrx_word' id='word_1_139' title='bbox 396 1846 644 1930; x_wconf 80' lang='lat' dir='ltr'>ecclefiasticarum</span> <span class='ocrx_word' id='word_1_140' title='bbox 663 1848 750 1926; x_wconf 92' lang='lat' dir='ltr'>aliqui</span> <span class='ocrx_word' id='word_1_141' title='bbox 765 1849 908 1914; x_wconf 85' lang='lat' dir='ltr'>dubitant.</span> <span class='ocrx_word' id='word_1_142' title='bbox 922 1838 951 1901; x_wconf 65' lang='grc' dir='ltr'>Ρ·</span> <span class='ocrx_word' id='word_1_143' title='bbox 967 1827 1018 1897; x_wconf 60' lang='lat'>⁶⁸·</span> <span class='ocrx_word' id='word_1_144' title='bbox 1099 1879 1101 1890; x_wconf 57' lang='lat'><strong>⁴</strong></span> 
     </span>
     <span class='ocr_line' id='line_1_19' title="bbox 153 1930 996 2012; baseline 0.004 -18"><span class='ocrx_word' id='word_1_145' title='bbox 153 1932 233 1994; x_wconf 88' lang='lat' dir='ltr'>Sede</span> <span class='ocrx_word' id='word_1_146' title='bbox 254 1930 374 1992; x_wconf 88' lang='lat' dir='ltr'>demum</span> <span class='ocrx_word' id='word_1_147' title='bbox 396 1944 494 1993; x_wconf 91' lang='lat' dir='ltr'>motus</span> <span class='ocrx_word' id='word_1_148' title='bbox 515 1932 580 2006; x_wconf 85' lang='lat' dir='ltr'>est,</span> <span class='ocrx_word' id='word_1_149' title='bbox 605 1953 640 1995; x_wconf 87' lang='lat' dir='ltr'>ac</span> <span class='ocrx_word' id='word_1_150' title='bbox 660 1934 741 1994; x_wconf 89' lang='lat' dir='ltr'>varia</span> <span class='ocrx_word' id='word_1_151' title='bbox 764 1934 912 2012; x_wconf 84' lang='lat' dir='ltr'>perpessus</span> <span class='ocrx_word' id='word_1_152' title='bbox 993 1938 996 1947; x_wconf 83' lang='grc'><strong>“</strong></span> 
     </span>
     <span class='ocr_line' id='line_1_20' title="bbox 152 2012 910 2093; baseline 0.008 -19"><span class='ocrx_word' id='word_1_153' title='bbox 152 2012 232 2076; x_wconf 91' lang='lat' dir='ltr'>haud</span> <span class='ocrx_word' id='word_1_154' title='bbox 248 2013 328 2076; x_wconf 88' lang='lat' dir='ltr'>secus</span> <span class='ocrx_word' id='word_1_155' title='bbox 352 2034 386 2075; x_wconf 91' lang='lat' dir='ltr'>ac</span> <span class='ocrx_word' id='word_1_156' title='bbox 408 2012 457 2075; x_wconf 90' lang='lat' dir='ltr'>alii</span> <span class='ocrx_word' id='word_1_157' title='bbox 483 2013 575 2076; x_wconf 88' lang='lat' dir='ltr'>cultui</span> <span class='ocrx_word' id='word_1_158' title='bbox 600 2016 760 2093; x_wconf 86' lang='lat' dir='ltr'>imaginum</span> <span class='ocrx_word' id='word_1_159' title='bbox 781 2015 910 2080; x_wconf 74' lang='lat' dir='ltr'>addim:</span> 
     </span>
     <span class='ocr_line' id='line_1_21' title="bbox 152 2095 914 2175; baseline 0.005 -18"><span class='ocrx_word' id='word_1_160' title='bbox 152 2098 229 2158; x_wconf 90' lang='lat' dir='ltr'>inter</span> <span class='ocrx_word' id='word_1_161' title='bbox 242 2116 315 2175; x_wconf 89' lang='lat' dir='ltr'>quos</span> <span class='ocrx_word' id='word_1_162' title='bbox 338 2095 779 2161; x_wconf 82' lang='lat' dir='ltr'>THEOPHANESetiam</span> <span class='ocrx_word' id='word_1_163' title='bbox 801 2098 914 2162; x_wconf 82' lang='lat' dir='ltr'>confes-</span> 
     </span>
     <span class='ocr_line' id='line_1_22' title="bbox 155 2178 914 2265; baseline 0.007 -24"><span class='ocrx_word' id='word_1_164' title='bbox 155 2178 226 2242; x_wconf 87' lang='lat' dir='ltr'>soris</span> <span class='ocrx_word' id='word_1_165' title='bbox 236 2182 347 2242; x_wconf 89' lang='lat' dir='ltr'>nomen</span> <span class='ocrx_word' id='word_1_166' title='bbox 357 2180 481 2258; x_wconf 89' lang='lat' dir='ltr'>adeptus</span> <span class='ocrx_word' id='word_1_167' title='bbox 493 2180 542 2253; x_wconf 84' lang='lat' dir='ltr'>est,</span> <span class='ocrx_word' id='word_1_168' title='bbox 554 2182 603 2265; x_wconf 91' lang='lat' dir='ltr'>qui</span> <span class='ocrx_word' id='word_1_169' title='bbox 615 2179 725 2260; x_wconf 86' lang='lat' dir='ltr'>scripfit</span> <span class='ocrx_word' id='word_1_170' title='bbox 737 2179 914 2261; x_wconf 87' lang='lat' dir='ltr'>chronogra-</span> 
     </span>
     <span class='ocr_line' id='line_1_23' title="bbox 151 2263 913 2343; baseline 0.005 -19"><span class='ocrx_word' id='word_1_171' title='bbox 151 2263 913 2343; x_wconf 78' lang='lat' dir='ltr'>phiamabannopiinioDlOCLETIANLad</span> 
     </span>
     <span class='ocr_line' id='line_1_24' title="bbox 151 2345 913 2428; baseline 0.007 -21"><span class='ocrx_word' id='word_1_172' title='bbox 151 2345 673 2424; x_wconf 79' lang='lat' dir='ltr'>secundumllllCHAELIS,</span> <span class='ocrx_word' id='word_1_173' title='bbox 698 2350 727 2410; x_wconf 71' lang='grc' dir='ltr'>ἃ</span> <span class='ocrx_word' id='word_1_174' title='bbox 751 2346 856 2428; x_wconf 75' lang='lat' dir='ltr'>THE</span> <span class='ocrx_word' id='word_1_175' title='bbox 872 2348 913 2411; x_wconf 80' lang='grc' dir='ltr'>Ο·</span> 
     </span>
     <span class='ocr_line' id='line_1_25' title="bbox 151 2428 881 2508; baseline -0.001 -16"><span class='ocrx_word' id='word_1_176' title='bbox 151 2429 340 2492; x_wconf 81' lang='lat' dir='ltr'>PHILiic</span> <span class='ocrx_word' id='word_1_177' title='bbox 355 2428 407 2491; x_wconf 91' lang='lat' dir='ltr'>Tl</span> <span class='ocrx_word' id='word_1_178' title='bbox 426 2431 645 2508; x_wconf 89' lang='lat' dir='ltr'>imperatorum.</span> <span class='ocrx_word' id='word_1_179' title='bbox 878 2450 881 2455; x_wconf 82' lang='lat'><strong>·</strong></span> 
     </span>
    </p>
   </div>
   <div class='ocr_carea' id='block_1_3' title="bbox 150 2556 1109 3719">
    <p class='ocr_par' dir='ltr' id='par_1_3' title="bbox 151 2556 1109 2972">
     <span class='ocr_line' id='line_1_26' title="bbox 194 2556 1024 2636; baseline -0.016 -8"><span class='ocrx_word' id='word_1_180' title='bbox 194 2556 912 2628; x_wconf 77' lang='lat' dir='ltr'>DotiiffimusiisSEMANNlinsuabiblio.</span> <span class='ocrx_word' id='word_1_181' title='bbox 1021 2630 1024 2636; x_wconf 15' lang='grc' dir='ltr'><strong>Δ</strong></span> 
     </span>
     <span class='ocr_line' id='line_1_27' title="bbox 152 2644 912 2712; baseline -0.016 -1"><span class='ocrx_word' id='word_1_182' title='bbox 152 2649 242 2712; x_wconf 90' lang='lat' dir='ltr'>theca</span> <span class='ocrx_word' id='word_1_183' title='bbox 267 2647 401 2709; x_wconf 90' lang='lat' dir='ltr'>orientali</span> <span class='ocrx_word' id='word_1_184' title='bbox 428 2650 525 2708; x_wconf 85' lang='lat' dir='ltr'>varios</span> <span class='ocrx_word' id='word_1_185' title='bbox 549 2655 758 2706; x_wconf 88' lang='lat' dir='ltr'>commemorat</span> <span class='ocrx_word' id='word_1_186' title='bbox 780 2644 912 2704; x_wconf 74' lang='lat' dir='ltr'>artiores</span> 
     </span>
     <span class='ocr_line' id='line_1_28' title="bbox 153 2725 1029 2812; baseline -0.016 -17"><span class='ocrx_word' id='word_1_187' title='bbox 153 2735 266 2812; x_wconf 83' lang='lat' dir='ltr'>Syros,</span> <span class='ocrx_word' id='word_1_188' title='bbox 285 2734 333 2808; x_wconf 88' lang='lat' dir='ltr'>qui</span> <span class='ocrx_word' id='word_1_189' title='bbox 349 2729 407 2791; x_wconf 90' lang='lat' dir='ltr'>hoc</span> <span class='ocrx_word' id='word_1_190' title='bbox 428 2726 531 2791; x_wconf 88' lang='lat' dir='ltr'>saeculo</span> <span class='ocrx_word' id='word_1_191' title='bbox 547 2726 659 2804; x_wconf 84' lang='lat' dir='ltr'>scriptis</span> <span class='ocrx_word' id='word_1_192' title='bbox 683 2725 847 2787; x_wconf 86' lang='lat' dir='ltr'>claruerunt</span> <span class='ocrx_word' id='word_1_193' title='bbox 857 2741 912 2802; x_wconf 92' lang='lat' dir='ltr'>pro</span> <span class='ocrx_word' id='word_1_194' title='bbox 1025 2730 1029 2736; x_wconf 89' lang='grc'><em>’</em></span> 
     </span>
     <span class='ocr_line' id='line_1_29' title="bbox 152 2806 1109 2888; baseline -0.013 -12"><span class='ocrx_word' id='word_1_195' title='bbox 152 2815 323 2877; x_wconf 83' lang='lat' dir='ltr'>defensione</span> <span class='ocrx_word' id='word_1_196' title='bbox 336 2813 413 2873; x_wconf 87' lang='lat' dir='ltr'>fidei.</span> <span class='ocrx_word' id='word_1_197' title='bbox 457 2812 537 2873; x_wconf 89' lang='lat' dir='ltr'>Inter</span> <span class='ocrx_word' id='word_1_198' title='bbox 550 2829 623 2888; x_wconf 89' lang='lat' dir='ltr'>quos</span> <span class='ocrx_word' id='word_1_199' title='bbox 641 2808 738 2870; x_wconf 85' lang='lat' dir='ltr'>LEO</span> <span class='ocrx_word' id='word_1_200' title='bbox 754 2806 912 2886; x_wconf 78' lang='lat' dir='ltr'>episcopua</span> <span class='ocrx_word' id='word_1_201' title='bbox 1034 2810 1045 2822; x_wconf 86' lang='grc'>’·</span> <span class='ocrx_word' id='word_1_202' title='bbox 1104 2823 1109 2834; x_wconf 89' lang='grc'><strong><em>’</em></strong></span> 
     </span>
     <span class='ocr_line' id='line_1_30' title="bbox 151 2889 913 2972; baseline -0.012 -13"><span class='ocrx_word' id='word_1_203' title='bbox 151 2902 187 2960; x_wconf 93' lang='lat' dir='ltr'>in</span> <span class='ocrx_word' id='word_1_204' title='bbox 204 2898 313 2958; x_wconf 91' lang='lat' dir='ltr'>Haram</span> <span class='ocrx_word' id='word_1_205' title='bbox 326 2895 435 2972; x_wconf 81' lang='lat' dir='ltr'>scripsit</span> <span class='ocrx_word' id='word_1_206' title='bbox 456 2909 558 2957; x_wconf 88' lang='lat' dir='ltr'>contra</span> <span class='ocrx_word' id='word_1_207' title='bbox 575 2891 731 2966; x_wconf 80' lang='lat' dir='ltr'>Jacobitau</span> <span class='ocrx_word' id='word_1_208' title='bbox 774 2889 913 2964; x_wconf 84' lang='lat' dir='ltr'>JACO·</span> 
     </span>
    </p>

    <p class='ocr_par' dir='ltr' id='par_1_4' title="bbox 150 2971 914 3719">
     <span class='ocr_line' id='line_1_31' title="bbox 151 2971 913 3055; baseline -0.02 -11"><span class='ocrx_word' id='word_1_209' title='bbox 151 2980 245 3045; x_wconf 89' lang='lat' dir='ltr'>BUS</span> <span class='ocrx_word' id='word_1_210' title='bbox 273 2978 447 3051; x_wconf 83' lang='lat' dir='ltr'>Edeffenus‚</span> <span class='ocrx_word' id='word_1_211' title='bbox 480 2994 567 3053; x_wconf 91' lang='lat' dir='ltr'>quein</span> <span class='ocrx_word' id='word_1_212' title='bbox 588 2974 677 3055; x_wconf 85' lang='lat' dir='ltr'>aliqui</span> <span class='ocrx_word' id='word_1_213' title='bbox 699 2971 838 3048; x_wconf 84' lang='lat' dir='ltr'>Jacobitis</span> <span class='ocrx_word' id='word_1_214' title='bbox 861 2971 913 3033; x_wconf 85' lang='lat' dir='ltr'>ad.</span> 
     </span>
     <span class='ocr_line' id='line_1_32' title="bbox 150 3055 912 3141; baseline -0.01 -17"><span class='ocrx_word' id='word_1_215' title='bbox 150 3068 302 3141; x_wconf 84' lang='lat' dir='ltr'>jungunt,</span> <span class='ocrx_word' id='word_1_216' title='bbox 323 3061 431 3138; x_wconf 81' lang='lat' dir='ltr'>scripsit</span> <span class='ocrx_word' id='word_1_217' title='bbox 452 3059 596 3135; x_wconf 88' lang='lat' dir='ltr'>liturgiam</span> <span class='ocrx_word' id='word_1_218' title='bbox 612 3058 633 3132; x_wconf 76' lang='lat'>,&#39;</span> <span class='ocrx_word' id='word_1_219' title='bbox 648 3077 704 3134; x_wconf 91' lang='lat' dir='ltr'>qua</span> <span class='ocrx_word' id='word_1_220' title='bbox 715 3055 855 3132; x_wconf 86' lang='lat' dir='ltr'>Jacobitae</span> <span class='ocrx_word' id='word_1_221' title='bbox 878 3075 912 3116; x_wconf 89' lang='lat' dir='ltr'>u-</span> 
     </span>
     <span class='ocr_line' id='line_1_33' title="bbox 152 3137 912 3220; baseline -0.013 -12"><span class='ocrx_word' id='word_1_222' title='bbox 152 3161 278 3216; x_wconf 81' lang='lat' dir='ltr'>tuntur,</span> <span class='ocrx_word' id='word_1_223' title='bbox 302 3164 336 3206; x_wconf 92' lang='lat' dir='ltr'>ac</span> <span class='ocrx_word' id='word_1_224' title='bbox 349 3157 452 3220; x_wconf 78' lang='lat' dir='ltr'>praeter</span> <span class='ocrx_word' id='word_1_225' title='bbox 462 3140 518 3203; x_wconf 90' lang='lat' dir='ltr'>alia</span> <span class='ocrx_word' id='word_1_226' title='bbox 535 3143 566 3201; x_wconf 92' lang='lat' dir='ltr'>in</span> <span class='ocrx_word' id='word_1_227' title='bbox 588 3138 743 3218; x_wconf 85' lang='lat' dir='ltr'>plerosque</span> <span class='ocrx_word' id='word_1_228' title='bbox 765 3137 912 3218; x_wconf 80' lang='lat' dir='ltr'>scripturae</span> 
     </span>
     <span class='ocr_line' id='line_1_34' title="bbox 152 3219 913 3300; baseline -0.012 -9"><span class='ocrx_word' id='word_1_229' title='bbox 152 3229 246 3292; x_wconf 87' lang='lat' dir='ltr'>libros</span> <span class='ocrx_word' id='word_1_230' title='bbox 257 3240 468 3288; x_wconf 90' lang='lat' dir='ltr'>commentatus</span> <span class='ocrx_word' id='word_1_231' title='bbox 481 3224 540 3297; x_wconf 86' lang='lat' dir='ltr'>est,</span> <span class='ocrx_word' id='word_1_232' title='bbox 555 3224 628 3300; x_wconf 90' lang='lat' dir='ltr'>quos</span> <span class='ocrx_word' id='word_1_233' title='bbox 643 3225 729 3284; x_wconf 90' lang='lat' dir='ltr'>etiam</span> <span class='ocrx_word' id='word_1_234' title='bbox 741 3222 772 3282; x_wconf 90' lang='lat' dir='ltr'>in</span> <span class='ocrx_word' id='word_1_235' title='bbox 784 3219 913 3296; x_wconf 87' lang='lat' dir='ltr'>linguam</span> 
     </span>
     <span class='ocr_line' id='line_1_35' title="bbox 153 3301 913 3389; baseline -0.012 -16"><span class='ocrx_word' id='word_1_236' title='bbox 153 3313 304 3389; x_wconf 86' lang='lat' dir='ltr'>Syriacam</span> <span class='ocrx_word' id='word_1_237' title='bbox 314 3329 415 3369; x_wconf 90' lang='lat' dir='ltr'>omnes</span> <span class='ocrx_word' id='word_1_238' title='bbox 426 3303 599 3369; x_wconf 82' lang='lat' dir='ltr'>convertisse</span> <span class='ocrx_word' id='word_1_239' title='bbox 610 3306 746 3367; x_wconf 89' lang='lat' dir='ltr'>creditur.</span> <span class='ocrx_word' id='word_1_240' title='bbox 763 3302 828 3366; x_wconf 89' lang='lat' dir='ltr'>TH</span> <span class='ocrx_word' id='word_1_241' title='bbox 839 3301 913 3364; x_wconf 85' lang='lat' dir='ltr'>EO·</span> 
     </span>
     <span class='ocr_line' id='line_1_36' title="bbox 151 3385 914 3461; baseline -0.017 -4"><span class='ocrx_word' id='word_1_242' title='bbox 151 3394 212 3457; x_wconf 90' lang='lat' dir='ltr'>PH</span> <span class='ocrx_word' id='word_1_243' title='bbox 226 3392 239 3454; x_wconf 91' lang='lat' dir='ltr'>l</span> <span class='ocrx_word' id='word_1_244' title='bbox 252 3392 339 3454; x_wconf 88' lang='lat' dir='ltr'>LUS</span> <span class='ocrx_word' id='word_1_245' title='bbox 353 3391 508 3454; x_wconf 87' lang='lat' dir='ltr'>Edeffenus</span> <span class='ocrx_word' id='word_1_246' title='bbox 518 3387 688 3450; x_wconf 88' lang='lat' dir='ltr'>hocsaeculo</span> <span class='ocrx_word' id='word_1_247' title='bbox 705 3385 820 3447; x_wconf 90' lang='lat' dir='ltr'>vocales</span> <span class='ocrx_word' id='word_1_248' title='bbox 831 3385 914 3461; x_wconf 88' lang='lat' dir='ltr'>quin·</span> 
     </span>
     <span class='ocr_line' id='line_1_37' title="bbox 152 3468 913 3555; baseline -0.013 -17"><span class='ocrx_word' id='word_1_249' title='bbox 152 3496 211 3555; x_wconf 91' lang='lat' dir='ltr'>que</span> <span class='ocrx_word' id='word_1_250' title='bbox 221 3477 353 3553; x_wconf 84' lang='lat' dir='ltr'>Syriacas</span> <span class='ocrx_word' id='word_1_251' title='bbox 383 3475 419 3535; x_wconf 92' lang='lat' dir='ltr'>ad</span> <span class='ocrx_word' id='word_1_252' title='bbox 440 3471 610 3549; x_wconf 81' lang='lat' dir='ltr'>exemplum</span> <span class='ocrx_word' id='word_1_253' title='bbox 627 3470 791 3532; x_wconf 87' lang='lat' dir='ltr'>Graecarum</span> <span class='ocrx_word' id='word_1_254' title='bbox 807 3468 913 3549; x_wconf 87' lang='lat' dir='ltr'>dicitur</span> 
     </span>
     <span class='ocr_line' id='line_1_38' title="bbox 152 3549 914 3654; baseline -0.024 -31"><span class='ocrx_word' id='word_1_255' title='bbox 152 3557 305 3626; x_wconf 80' lang='lat' dir='ltr'>invenisse.</span> <span class='ocrx_word' id='word_1_256' title='bbox 328 3552 771 3623; x_wconf 80' lang='lat' dir='ltr'><strong>BARTHOLOMAEUS</strong></span> <span class='ocrx_word' id='word_1_257' title='bbox 799 3549 914 3654; x_wconf 64' lang='lat' dir='ltr'>Edessa.</span> 
     </span>
     <span class='ocr_line' id='line_1_39' title="bbox 793 3650 872 3719; baseline -0.025 -17"><span class='ocrx_word' id='word_1_258' title='bbox 793 3650 872 3719; x_wconf 80' lang='lat' dir='ltr'>uua,</span> 
     </span>
    </p>
   </div>
   <div class='ocr_carea' id='block_1_4' title="bbox 0 0 1242 4450">
    <p class='ocr_par' dir='ltr' id='par_1_5' title="bbox 0 0 1242 4450">
     <span class='ocr_line' id='line_1_40' title="bbox 0 0 1242 4450; baseline 0 0"><span class='ocrx_word' id='word_1_259' title='bbox 0 0 1242 4450; x_wconf 95' lang='lat' dir='ltr'> </span> 
     </span>
    </p>
   </div>
  </div>
 </body>
</html>
