2475 4450
281 544 356 630 248
433 553 492 610 ne
525 550 781 608 nocnnlun
806 549 898 607 snc.

327 697 470 761 munione
487 697 686 762 removebant.
730 696 766 759 In
780 694 842 775 ipso
858 694 941 757 clero
953 696 1071 760 Romano
1100 686 1125 748 fi

328 794 432 855 erant,
461 780 879 858 quicontraVrornrun
902 778 1072 858 insurgebant
1101 771 1125 833 C

327 862 436 927 litteris
454 866 543 927 etiam
564 862 719 928 hincinde
737 883 789 941 per
810 863 997 940 provinciana
1013 864 1073 943 spar-

327 948 373 1011 ils.
433 946 507 1023 Quae
525 947 692 1026 intelligens
721 945 803 1006 Vre
817 968 827 1005 1
841 968 860 1005 n
873 968 885 1005 r
898 967 947 1009 us
966 951 1072 1012 retraxit
1104 959 1125 1001 ῦ

280 1081 284 1087 .
327 1030 458 1111 pedem,
478 1030 515 1093 ab
527 1034 703 1109 imperatore
715 1031 803 1091 etiam
812 1026 1073 1105 Judicatumsuun
1107 1037 1125 1112 ¹.

327 1114 470 1191 repetiit,
496 1114 647 1189 causatus,
682 1134 717 1174 ae
739 1112 916 1175 contestatus
945 1113 1009 1176 haee
1029 1115 1074 1176 sne
1108 1127 1125 1167 1

327 1199 479 1259 communi
495 1198 627 1261 omniurn
647 1194 785 1268 consensu
807 1196 839 1256 in
858 1194 888 1257 se
900 1195 997 1260 solum
1013 1197 1076 1261 haud
1109 1189 1125 1252 l

327 1295 526 1357 recepturum.
570 1282 614 1344 Ab
638 1280 694 1342 hac
717 1278 859 1341 sententia
877 1282 1077 1345 removendis
1115 1305 1125 1364 ⁴.

328 1382 394 1425 non
415 1364 691 1443 potuit‚‘quidquid
716 1376 817 1423 contra
838 1361 928 1439 Cpoli
955 1364 1079 1426 moliren-

330 1456 380 1507 tur
404 1460 467 1509 tum
489 1449 668 1526 imperator,
700 1463 767 1508 curn
800 1444 933 1523 episcopi
967 1449 1079 1510 orienta-

329 1528 384 1592 les.
444 1530 503 1606 Qui
527 1533 598 1593 dum
618 1543 771 1592 cernerent
802 1531 864 1601 ejus
887 1529 1079 1606 constantiam,
1100 1579 1109 1622 Ι

327 1611 541 1677 consessionem
560 1613 631 1675 fidei
643 1614 672 1675 ei
691 1611 882 1686 obtulerunt,
907 1633 967 1691 qua
987 1613 1014 1676 se
1025 1635 1080 1677 curn

330 1696 396 1759 aliis
419 1695 612 1758 conciliorum
632 1694 826 1758 decisionibus
851 1696 941 1757 etiarn
973 1697 1082 1759 Chalce-

331 1777 462 1841 donense
479 1778 620 1856 suscipere
628 1778 859 1855 profitebantur,
881 1780 1083 1858 petebantque,

281 1908 282 1912 ,
330 1875 367 1923 ut
393 1858 505 1923 causam
537 1862 628 1923 trium
652 1859 847 1939 capitulorum
868 1860 1084 1926 Vrcrrrus

331 1944 529 2006 communiter
556 1963 625 2006 cum
654 1944 721 2022 ipsis
757 1944 863 2005 iterum
895 1948 1082 2009 examinaret

331 2026 464 2105 Optabat
484 2046 560 2105 papa
573 2027 733 2089 concilium
757 2027 850 2088 teneri
870 2028 904 2087 in
923 2031 1085 2105 occidente,

331 2122 366 2174 ut
386 2109 533 2185 Africani,
555 2131 589 2172 ac
609 2108 730 2172 aliarum
750 2110 972 2187 provinciarum
985 2113 1087 2191 episco-

300 2268 305 2275 .
330 2195 365 2273 pi
373 2191 506 2255 interesse
517 2192 640 2272 pollent.
686 2192 774 2268 Quod
787 2191 853 2254 sane
866 2196 1013 2271 optimum
1025 2217 1087 2260 con-

331 2275 427 2339 silium
447 2277 526 2352 suit,
559 2278 597 2339 ad
615 2276 777 2339 tollendam
798 2275 993 2340 offensionem
1008 2283 1087 2343 occi-

333 2359 516 2434 dentalium3
536 2360 586 2421 sed
598 2362 754 2438 impetrare
776 2359 833 2420 hoc
855 2359 892 2421 ab
915 2363 1086 2441 imperatore

331 2463 395 2505 non
415 2444 519 2521 potuit
563 2443 590 2504 V
602 2464 614 2502 1
626 2463 646 2502 c
660 2465 670 2501 1
683 2465 701 2502 r
714 2463 780 2504 1118
809 2456 907 2504 autem
927 2447 1085 2508 constanter

331 2528 431 2588 renuit
441 2525 574 2587 interesse
586 2524 723 2599 concili0,
737 2528 869 2602 quamvis
880 2528 1006 2604 praesens
1017 2531 1086 2608 Cpo-

331 2608 356 2669 li
375 2607 463 2682 esset,
482 2607 533 2668 ubi
548 2609 580 2669 in
595 2608 723 2670 consessu
736 2624 853 2686 patrum
870 2609 1006 2687 pluribus
1032 2611 1085 2676 col-

331 2689 491 2750 lationibus
516 2691 572 2751 tria
594 2690 722 2768 capitula
751 2693 869 2754 fuerunt
897 2693 1023 2757 studiose
1048 2697 1086 2758 di·

330 2770 428 2834 scussa
492 2771 669 2850 Singillatim
696 2773 802 2852 scripta
823 2774 888 2837 sunt
906 2781 1083 2840 examinata:

332 2853 491 2917 collatione
518 2870 620 2934 quarta
651 2858 778 2935 primum
811 2857 988 2923 THEOD
1002 2859 1085 2924 ORl

228 2993 231 2996 .
331 2936 549 3015 Mopsuesteni,
570 2939 719 3018 multaque
741 2942 772 3001 in
796 2939 854 3002 illis
879 2955 985 3005 notata
1005 2943 1083 3017 loca,

331 3022 365 3082 in
388 3019 490 3097 quibus
515 3022 1082 3105 APOLLINAREMimpugnans

330 3103 510 3166 Nestotianae
527 3103 625 3167 haerefi
648 3104 781 3182 praelusrt.
827 3106 994 3171 Collatione
1010 3112 1084 3189 quin·

330 3198 363 3248 ta
390 3188 608 3261 examinatum,
639 3208 677 3249 an
695 3191 783 3251 etiam
814 3195 946 3267 personae
970 3208 1084 3256 mortua

331 3269 486 3332 anathema
503 3269 599 3332 subire
616 3269 748 3348 possint,
774 3292 808 3333 ac
828 3272 980 3336 debeant?
1002 3276 1084 3337 Nam·

331 3373 390 3431 que
412 3353 450 3414 de
471 3351 532 3414 Tra
544 3373 560 3412 r
572 3373 591 3414 o
604 3373 624 3413 1>
636 3373 655 3414 o
666 3375 684 3413 a
697 3373 715 3415 ο
735 3354 941 3432 Mopsuesteno
970 3357 1086 3436 singula·

330 3437 403 3497 riter
422 3433 581 3512 agebatur,
603 3437 691 3497 etiam
714 3438 751 3498 de
779 3440 842 3513 ejus
865 3439 989 3516 persona
1012 3443 1086 3504 dam·

268 3546 270 3551 ·
331 3518 447 3580 nanda:
472 3518 589 3580 cumde
609 3518 957 3584 THEODORETI
978 3521 1085 3603 seriptis

330 3601 1084 3678 tantumcontraacYRILLUM,&aaran

327 3682 438 3747 litteris
462 3683 501 3746 ad
524 3683 687 3750 blarru
711 3684 913 3753 PERSAM
937 3690 1083 3834 ressalelset,

289 3798 292 3803 ·
1007 3793 1050 3839 urs
