2475 4450
723 414 727 421 ,
749 389 770 416 -Γ
890 390 952 438 “·,ψ.

162 543 283 603 rosr
311 542 579 601 cunrsruu.
606 542 706 601 suc.
726 544 781 600 vr.
837 515 939 616 245(

149 709 280 755 unacum
300 688 450 766 epistolis,
480 692 509 750 ἀ
530 687 660 752 articulis
687 688 725 750 ad
746 687 912 751 faciendam

150 776 316 846 unionem,
331 793 365 834 ac
374 771 509 846 formula,
526 776 574 835 cui
580 770 817 836 subscribendum
830 770 910 833 effet.

112 879 120 887 ·
152 858 247 933 Quod
261 874 329 918 cunr
352 855 636 920 Aursrrsrus
658 855 755 921 facere
770 854 912 942 detrecto·
1020 879 1023 883 ⁴

152 954 201 1003 ret
213 927 234 1015 'r
249 940 281 1001 in
299 939 415 999 irritum
435 940 533 1001 omnia
555 938 698 1003 abierunt
742 937 846 999 Donec
861 956 915 1015 po·

153 1023 234 1095 stea,
255 1020 306 1084 sub
325 1020 343 1095 J
354 1020 378 1082 U
391 1022 410 1083 S
422 1020 448 1083 T
458 1021 470 1082 1
480 1022 548 1085 ΝΟ
575 1040 653 1083 nova
679 1019 825 1098 delegatio
838 1022 869 1080 in
882 1038 914 1080 o-

154 1108 283 1171 rientem
302 1103 403 1177 missa,
424 1104 538 1166 felicior
562 1105 638 1179 fuit,
666 1103 852 1180 restitutaque
875 1102 916 1163 est

153 1190 248 1262 unio,
265 1189 513 1264 communioque,
530 1206 569 1249 ex
582 1186 730 1267 diptychis
747 1185 851 1247 deletis
870 1184 917 1245 so.

155 1266 913 1343 lemniternonsolumiicncro,FRAUTA,

154 1352 466 1427 EUPHEMO,
505 1352 811 1424 Macruouro,
847 1348 916 1433 TI-

156 1436 193 1499 ul
206 1436 234 1500 Ο
248 1435 410 1509 ΤΗΕΟ,
447 1454 550 1497 verum
581 1438 676 1500 etiam.
691 1432 918 1512 imperatoribus

156 1520 706 1593 Zruour‚&nurseas10.

200 1619 268 1682 Nec
287 1632 387 1680 tamen
402 1619 493 1680 turbae
509 1620 706 1697 quieverunt,
730 1641 800 1699 quas
827 1620 919 1700 Euty-

158 1703 260 1766 chiani
282 1704 353 1763 totis
379 1702 490 1763 viribus
512 1702 577 1766 sunt
598 1703 765 1784 prosecuti,
787 1704 827 1766 uir
849 1723 921 1782 prae-

157 1786 260 1848 sertim
289 1784 387 1861 postea
411 1786 512 1847 favore
544 1786 845 1853 THEODORAE
867 1790 921 1849 irn-⁸

159 1869 315 1948 peratrieis
335 1867 385 1929 sub
405 1868 568 1931 ANTHI
581 1869 655 1933 Mo
676 1870 922 1953 Constantinopof

158 1952 255 2013 litano
268 1996 278 2025 ,
301 1952 330 2012 dc
342 1951 361 2011 S
373 1970 389 2011 u
401 1971 421 2012 v
432 1971 448 2012 e
459 1972 508 2012 no
525 1953 718 2015 Antiocheno.
764 1954 806 2016 S'I
816 1953 839 2016 L
851 1954 876 2014 V
887 1954 925 2015 E·

158 2033 285 2097 RIUS
307 2053 384 2112 papa
406 2034 437 2093 in
462 2034 583 2096 exilium
603 2036 683 2098 abire
697 2036 818 2110 debuit,
842 2036 925 2114 quod

158 2118 336 2179 renunciare
355 2116 481 2179 concilio
494 2116 742 2192 Chalcedonensr,
755 2120 926 2196 &recipere

160 2200 577 2275 doetrinamriururrrr,
600 2202 926 2265 acSavenrdetre-

161 2289 264 2346 (taret.
309 2283 364 2345 BE
377 2282 456 2346 LLI
468 2285 486 2345 S
498 2283 619 2347 ARIU
630 2287 669 2361 S,
697 2298 731 2347 ut
746 2284 862 2348 occulte
874 2283 927 2345 sai·
944 2305 982 2365 sn
998 2306 1068 2367 pre,

160 2381 226 2429 tem
241 2386 317 2444 papa
334 2365 460 2427 concilio
477 2369 683 2442 renuntiaret,
710 2369 844 2430 obtinere
864 2387 926 2429 non
944 2389 1101 2451 mmm

162 2451 264 2527 potuit
275 2449 386 2530 equod
399 2462 497 2510 tamen
511 2470 577 2510 eum
593 2450 689 2512 fecisse
700 2451 790 2512 refert
801 2451 824 2512 L
834 2450 848 2512 Ι
859 2450 881 2512 Β
891 2450 929 2513 E-

164 2530 343 2596 RATUS.
388 2531 424 2592 ln
446 2536 507 2607 ejus
532 2532 632 2601 iocum
647 2533 780 2596 suffetius
797 2533 836 2594 est
862 2533 927 2596 VI·
1066 2590 1069 2598 .

165 2613 276 2678 GILI
287 2614 312 2674 U
324 2615 363 2676 S:
396 2615 499 2690 quibus
522 2616 741 2678 conditionibus
763 2616 849 2679 facile
862 2619 946 2694 quis*
989 2620 992 2624 ’

165 2697 316 2772 conjiciat.
353 2698 389 2758 At
401 2712 528 2760 mutatus
539 2699 578 2759 est
592 2700 755 2777 paulopost
767 2719 865 2762 rerum
877 2700 930 2762 sta.

164 2794 216 2843 tus
230 2801 238 2853 3
262 2800 297 2840 ac
317 2779 365 2839 Vr
379 2799 399 2840 o
412 2802 422 2839 1
436 2803 454 2840 r
466 2803 476 2840 1
489 2802 534 2843 us
556 2784 693 2860 pontifex
708 2785 862 2853 veritatem
883 2804 931 2846 ca.

165 2862 310 2926 thoiicam
330 2882 390 2922 non
403 2865 541 2939 prodidit.
588 2868 745 2942 Apertein
765 2866 868 2928 litteris
890 2865 930 2928 ad

166 2947 184 3022 J
196 2947 224 3007 U
238 2944 357 3007 STIN
369 2945 382 3006 Ι
394 2945 491 3007 ANU
503 2947 536 3008 M
549 2961 673 3024 quatuor
689 2949 834 3023 concilia,
852 2953 929 3011 inter

168 3049 234 3109 quae
244 3027 403 3090 concilium
416 3029 653 3093 Chalcedonense
669 3077 678 3106 ‚
693 3032 830 3110 agnoscit.

218 3144 236 3219 J
248 3147 662 3210 usrrurauuseausam
681 3148 799 3210 concilii
812 3147 932 3211 Chalce-

170 3228 307 3291 donensrs
330 3231 410 3305 egit3
434 3243 464 3291 at
485 3233 572 3292 novis
586 3232 677 3294 turbis
691 3232 787 3292 ansam
810 3233 934 3309 praebuit

168 3320 226 3391 p'er
245 3313 300 3373 tria
325 3312 471 3389 capitula:
504 3313 609 3392 scripta
640 3317 778 3376 nimirum
800 3315 860 3376 Tit
876 3335 933 3374 eo-

172 3395 934 3467 noar,&TunouonrurcontraS.CY·
1049 3428 1055 3438 v

171 3476 934 3556 RILLUM,acepistolamIBiEadMan1u

172 3559 403 3632 PERSAM,
429 3581 552 3637 quorum
570 3565 788 3625 damnationem
813 3562 936 3639 urgebat
958 3562 994 3622 T.
1020 3563 1055 3625 V.

173 3641 300 3724 publicis
311 3641 415 3704 litteris
428 3689 436 3717 ‚
458 3646 589 3723 undique
601 3666 654 3723 per
666 3645 813 3708 eeclefiam
825 3644 912 3706 miffis
925 3691 934 3721 ,
953 3663 1030 3705 conc.
1042 3658 1073 3723 p.

120 3721 130 3730 ’
173 3724 225 3791 sub
241 3727 363 3791 nomine
374 3727 560 3790 confeiironis
574 3729 652 3800 fidei.
697 3729 828 3793 Habetur
841 3727 937 3794 adhue
956 3744 1026 3808 324.

521 3810 557 3889 Q
780 3810 898 3892 respon.
