2475 4450
276 566 414 624 ηπ
453 523 722 626 caurcium.
849 569 892 628 u

133 714 238 790 -rinnt,
263 712 350 791 seque
364 710 444 776 solos
455 710 556 792 sapere
575 713 761 791 existimant,
780 731 818 778 ac
834 729 897 778 ma·

138 816 207 876 gnos
229 795 383 876 sespiritus
407 794 506 875 (forts
519 799 643 881 strias)
674 796 898 877 &sagacitatem

135 883 267 1028 ξιξ-ιιι,
289 880 356 943 dum
374 899 479 944 revera
506 879 660 944 stultiffimi
691 880 764 947 sunt
783 894 898 946 morta·

133 1095 134 1102 κ
174 1046 289 1112 Insania
315 1048 446 1111 maxima
479 1046 520 1111 est
546 1060 700 1125 contemtu
733 1047 895 1129 religionis,

136 1150 212 1214 quae‘
220 1131 305 1193 nobis
324 1131 483 1211 pollicetur
495 1131 675 1196 felicitatem
695 1132 837 1197 summam
857 1132 899 1195 al-

135 1218 225 1286 terius
245 1218 336 1290 vitae,
366 1213 499 1293 periculo
530 1215 711 1280 infelicitatis
734 1232 849 1280 aeternra
868 1214 900 1278 se

136 1316 284 1376 exponere
305 1298 346 1360 ob
373 1298 455 1360 fluxa
474 1298 561 1375 hujus
582 1302 650 1363 vitae
670 1300 767 1376 bona,
796 1300 898 1378 suapte

135 1381 210 1443 mille
229 1381 475 1444 amaritudinibus
497 1383 631 1458 refertae,
663 1386 814 1463 perpetuis
835 1401 898 1444 ma-

135 1462 230 1527 lorum
250 1463 501 1550 vicissitudinibus
522 1479 697 1543 occupata,
718 1487 753 1530 ac
778 1467 899 1528 demum

133 1562 324 1626 permortem
333 1546 494 1609 terribilem
503 1567 563 1609 uno
573 1561 726 1611 momento
737 1549 896 1623 finiendae3

133 1629 325 1708 dnmsemper
333 1632 429 1692 timor
442 1631 640 1694 damnationis
652 1644 802 1711 perpetum
811 1650 893 1693 men-
932 1667 936 1674 ,

133 1723 187 1776 tem
204 1713 324 1794 pulsat,
345 1712 555 1792 percellitque:
586 1734 650 1793 quae
671 1716 703 1775 in
727 1713 818 1778 altera
836 1715 898 1777 vita
969 1777 970 1781 ,

134 1812 227 1860 met
238 1817 318 1871 eos,
346 1798 397 1874 qui
406 1796 595 1876 praesentibus
613 1798 756 1875 student,
780 1796 899 1878 religio-

134 1880 285 1943 cirofficia
299 1879 472 1959 negligunt
601 1916 603 1920 ·

141 2049 150 2059 ..
166 1993 210 2058 Eo
223 2008 325 2058 autem
338 1995 456 2072 gravior
465 1996 521 2058 erit
535 1995 685 2059 damnatio
697 2014 826 2071 eorum,
847 1997 897 2075 qui

134 2073 188 2142 DE
197 2078 225 2142 0
235 2076 302 2141 haec
312 2076 466 2153 revelanti,
479 2080 573 2141 vitam
584 2082 612 2143 ἃ
623 2092 749 2142 mortem
758 2092 897 2143 aternam

134 2161 289 2225 inarbitrio
299 2161 429 2225 hominis
437 2164 580 2242 ponenti,
603 2163 824 2239 noncredunt,
843 2174 895 2227 aut

135 2244 162 2305 in
174 2245 263 2307 dubio
275 2243 449 2322 relinquunt
460 2291 469 2319 ,
480 2265 518 2308 an
530 2245 621 2308 altera
630 2245 693 2323 post
703 2242 784 2309 hanc
800 2246 900 2308 futura

135 2326 163 2389 fit
177 2330 238 2390 vita
250 2342 394 2390 aeternum
405 2327 492 2402 felir,
513 2344 564 2391 aut
574 2326 680 2389 infelix
694 2349 701 2390 :
726 2327 901 2391 dubiosrtate

136 2423 246 2487 autem,
269 2431 306 2474 ac
335 2410 542 2474 incredulitate
560 2410 632 2484 sua,
661 2408 734 2475 tales
753 2411 900 2484 homines,

136 2492 254 2556 ictiam
266 2495 384 2556 ratione
405 2493 527 2556 fundata
554 2493 648 2568 effer,
671 2495 700 2555 δι
728 2512 834 2558 verum
848 2491 901 2572 ipsi

137 2588 285 2650 tenerent,
314 2575 391 2638 nihil
401 2574 558 2640 lucrantur.
603 2576 669 2639 Nec
688 2578 777 2639 etiam
796 2573 900 2657 paulu-

136 2656 190 2721 lum
204 2658 281 2722 illud
295 2659 432 2722 belluina
443 2658 604 2723 securitatis
616 2658 716 2722 locum
726 2658 834 2722 habere
844 2677 899 2737 po·

137 2743 202 2819 test,
228 2744 436 2820 cumprimum
460 2744 602 2804 memoria
616 2740 765 2821 suggerit,
789 2762 825 2804 ac
852 2761 903 2804 co·

140 2826 233 2903 gitatin
260 2839 393 2888 mentem
411 2824 546 2906 inceffit,
582 2826 746 2888 deaetemis
766 2824 852 2888 malis
869 2826 904 2886 in

141 2906 221 2970 altera
240 2910 303 2972 vita
320 2906 514 2972 insecutuiis:
540 2910 721 2971 &continuo
740 2908 778 2970 ob
799 2906 902 2970 oeulos

142 2989 258 3054 uersatur
267 2994 377 3066 timor,
404 3012 438 3054 ac
447 2990 611 3070 periculum
631 2994 753 3066 mortis,
772 2988 898 3070 praesen.

144 3074 250 3136 tisvitae
258 3075 346 3136 bonis
356 3074 447 3137 finem
458 3094 518 3137 uno
536 3089 689 3136 momento
709 3073 894 3153 impofiturae.

146 3152 206 3219 llaec
224 3156 275 3220 vel
296 3156 357 3219 sola
374 3159 478 3220 mortis
489 3157 654 3220 recordatio
677 3157 791 3235 gustum
815 3154 899 3218 volu-

147 3250 266 3315 pratum,
290 3260 324 3304 ac
346 3239 458 3303 sensum
471 3240 587 3315 aufert,
610 3239 720 3303 etiamfi
746 3238 822 3301 nihil
836 3238 901 3318 post

150 3317 314 3387 lcncvitam
327 3324 513 3399 timendum,
538 3336 589 3386 aut
597 3321 772 3401 sperandum
781 3323 867 3385 foret.

180 3433 252 3496 llum
274 3455 349 3499 vero
367 3435 491 3514 praesens
501 3437 564 3498 vita
577 3434 708 3511 undique
720 3432 803 3496 malis
813 3432 903 3496 refer·

153 3520 385 3596 tacomperitur,
403 3517 540 3593 desolati,
569 3517 630 3579 sine
645 3515 766 3580 meliore
774 3516 844 3595 spe,
869 3517 904 3577 in

156 3594 317 3680 lllirdegunt
326 3599 419 3676 mali,
443 3599 805 3679 acirreligiosrhomines3
828 3596 904 3660 boni

147 3693 236 3743 -tntem
250 3729 260 3758 ,
277 3704 312 3765 ac
321 3684 350 3745 D
360 3683 385 3746 E
396 3683 423 3746 U
434 3683 469 3746 M
500 3686 639 3747 timentes
658 3685 691 3745 in
712 3683 795 3745 malis
813 3681 903 3742 etiam

161 3757 265 3834 ltfiu'le
275 3765 599 3835 solantur-aeternorum
613 3767 761 3838 bonorum
778 3760 900 3914 Bromis-
