2475 4450
267 545 403 652 '262'
467 564 896 623 nruocrnumsrc.
962 585 1022 658 3,-

300 707 443 772 ¹iteratim
463 710 577 791 sumpta
599 706 879 793 videnturanostris
901 705 1080 789 dogmatibus

251 865 253 869 ¹
323 812 387 854 non
402 793 567 857 abhorrere.

373 875 472 939 Unum
484 878 511 939 D
522 876 627 940 EUM
638 881 945 955 uigenttamjcontra
959 873 1082 938 sanctitil-

325 977 407 1020 mum
420 959 573 1023 Trinitatis
586 960 772 1038 mysterium,
787 980 875 1037 quam
886 972 993 1021 contra
1012 956 1079 1020 idola

327 1040 510 1119 gentilium
541 1056 572 1105 at
593 1044 665 1141 dum
691 1042 839 1105 idolorum
869 1040 1079 1106 multitudinem
1124 1096 1126 1102 .

324 1206 538 1287 nescioquod,
561 1207 1078 1284 nulhbrmrerumnaturaexrstrrr,

325 1289 509 1356 smnlacrum
525 1292 705 1371 effingentes.

372 1401 634 1485 Deliciasparadisr
659 1394 789 1469 carnales
800 1406 953 1482 statuunt,
970 1403 1013 1468 de
1030 1399 1080 1482 qui-
1123 1422 1126 1432 ·

327 1486 384 1551 bus
394 1488 535 1567 plurimas
548 1488 685 1552 ridiculas
704 1490 817 1552 fabulas
832 1502 977 1563 narrant,
999 1487 1077 1551 conti-

327 1586 491 1649 nenturque
503 1575 535 1634 in
549 1572 701 1635 Alcorano.
748 1574 855 1650 Quoad
875 1534 990 1650 reliqda
1002 1573 1078 1634 etiam
1099 1607 1103 1654 3

269 1723 271 1727 ,
328 1655 469 1716 doetrinae
484 1657 599 1733 capita,
625 1656 786 1734 statumque
808 1656 930 1718 alterius
953 1656 1022 1718 vitae
1041 1652 1079 1715 ab

328 1736 503 1799 surdiffimas
531 1743 640 1800 naenias
678 1740 812 1802 continet
834 1738 1027 1811 Alcoranus
1054 1748 1081 1797 ut

327 1823 434 1881 mirum
450 1820 502 1894 fit,
528 1819 576 1881 vel
596 1842 688 1883 unum
713 1822 864 1885 hominem
881 1820 1013 1900 potuille
1032 1818 1081 1880 istis

327 1901 503 1982 persuaderi
547 1903 698 1966 infernum
714 1920 855 1968 aetemum
865 1924 931 1966 non
944 1904 1081 1975 statuunt,

329 1987 385 2045 rati
400 1985 486 2061 fote,
503 1998 536 2047 ut
547 1986 701 2063 hommes
720 2010 770 2065 qur
778 2008 869 2051 unum
885 1986 1030 2050 DEUlil
1043 2004 1084 2047 cu·

327 2065 466 2142 luerunt,
479 2068 684 2134 interceffione
692 2033 731 2141 Μ
741 2092 762 2133 A
774 2092 796 2132 u
808 2092 828 2131 u
841 2094 866 2133 u
881 2091 897 2132 ι
910 2090 931 2131 n
944 2091 956 2129 r
971 2089 985 2131 s
1001 2075 1038 2131 e'x
1047 2070 1085 2129 in-

320 2151 414 2213 'ferno
426 2150 594 2216 liberentur.

376 2235 481 2297 Fatum
505 2235 670 2300 absolutum
700 2238 827 2301 statuunt
849 2236 1084 2308 Mahumedani,

330 2335 389 2396 quo
411 2319 477 2382 suus
492 2322 596 2398 cuique
608 2323 750 2384 terminus
763 2320 858 2383 fatalis
870 2366 881 2396 ,y
909 2321 1008 2398 quoad
1030 2339 1086 2380 mo·
1119 2368 1125 2387 ,

309 2408 312 2414 ’
328 2416 462 2464 mentum
473 2404 613 2481 temporis
626 2404 660 2466 fit
672 2405 843 2466 constitutus
862 2450 871 2478 ‚
898 2420 958 2481 quo
972 2402 1036 2466 suos
1054 2401 1086 2463 ad

329 2486 476 2563 intrepide
491 2484 634 2550 bellorum
657 2487 795 2565 periculis
814 2486 871 2548 sese
894 2486 1084 2564 exponendos

330 2567 409 2629 haud
420 2569 508 2630 dubie
523 2569 557 2630 Μ
568 2589 588 2630 Α
601 2588 623 2630 rr
634 2590 656 2631 u
668 2593 691 2631 rr
704 2592 719 2631 r
732 2591 751 2630 n
769 2569 863 2633 voluit
875 2571 1019 2632 incitare:
1043 2569 1086 2647 qui

329 2653 417 2712 etiam
439 2652 542 2711 intime
564 2647 622 2713 suis
644 2651 721 2715 hanc
743 2652 955 2731 persuasionem
976 2651 1084 2730 infigit,

329 2735 441 2794 animas
452 2735 582 2795 virorum
597 2737 627 2795 in
639 2734 719 2797 bello
734 2736 973 2799 occumbentium
993 2737 1024 2797 in
1035 2755 1087 2797 coe-

330 2812 376 2876 los
393 2815 543 2890 citiisrme,
555 2817 753 2897 facillimeque
768 2817 894 2884 avolare.

379 2937 449 3001 Non
472 2935 558 3001 facile
577 2941 641 3016 quis
664 2940 812 3013 definiat,
835 2958 873 3002 an
894 2937 1085 3019 polygamiam

332 3019 371 3082 ob
392 3020 667 3098 multiplicationem
689 3021 842 3087 hominum
862 3067 871 3096 ,
893 3022 942 3084 seu
967 3022 1085 3085 militum

330 3106 441 3182 potius,
453 3125 539 3182 quam
549 3105 587 3165 ob
597 3104 742 3166 infrenem
752 3104 906 3166 libidinem
917 3105 1083 3176 instituerim

331 3189 381 3264 qui
400 3187 498 3250 dicere
517 3186 617 3250 solitus
638 3203 722 3262 erat,
741 3187 887 3250 DEUM
900 3187 1024 3265 posuiffe
1045 3187 1085 3248 de

331 3270 520 3333 lectationem
535 3269 614 3341 suam
625 3273 656 3332 in
668 3271 802 3334 suavibus
812 3271 956 3334 odoribus
967 3317 979 3346 ,
992 3274 1021 3334 ἃ
1032 3291 1084 3333 mu·

330 3354 460 3416 lieribus.

379 3436 591 3517 Mahumedani
612 3455 715 3514 preces
737 3436 926 3515 frequentant·
940 3434 1084 3516 quinquies

330 3539 386 3600 per
399 3520 497 3594 diem
511 3517 638 3580 mensem
648 3540 739 3582 unum
751 3539 804 3598 per
818 3540 927 3583 annum
940 3522 1083 3596 jejunant:

331 3601 580 3682 eleemosynarum
595 3601 707 3682 elargit
699 3623 819 3677 runem,
834 3605 863 3665 ἃ
876 3602 934 3665 alia
946 3602 1085 3666 charitatis

330 3706 422 3765 ppera
442 3685 507 3765 lege
530 3685 677 3749 statuunt
680 3687 996 3773 peregrinationem
1024 3689 1085 3750 item

235 3816 238 3821 ι
330 3768 470 3840 Merum
484 3771 650 3856 quotannis.
963 3850 995 3924 Y
