2475 4450
174 552 293 609 rosa
327 552 600 634 canisium.
625 532 795 614 s'nuvu
843 551 916 630 253

186 727 188 733 ·
202 700 399 763 Occidentem
411 698 585 763 Arianismus
595 699 746 763 infestabat
757 745 768 775 ‚
779 700 817 764 ad
827 719 916 781 quem

152 784 385 862 extirpandum,
408 803 477 845 cura
499 782 645 861 pastorum
668 829 678 858 ‚
705 784 917 863 doctorumque

153 865 258 929 sedulo
282 866 424 928 incubuit
477 866 537 929 Sub
563 865 915 932 GONDEBALDO

152 948 279 1012 celebris
299 947 418 1011 collatio
428 948 565 1027 Lugduni
579 949 620 1011 est
632 947 750 1023 habita,
764 950 792 1013 S.
815 949 876 1013 AV
887 949 915 1013 1.

152 1032 401 1095 TO‘Viennensi
422 1032 565 1111 imprimis
596 1030 710 1095 causam
736 1030 916 1097 catholicam

151 1130 282 1194 agente:
307 1117 389 1192 cujus
417 1134 507 1194 opera
532 1115 621 1177 etiam
642 1113 916 1179 SlGlSlllUN.

152 1199 180 1262 D
192 1199 220 1261 U
232 1199 251 1261 S
263 1217 319 1260 rex
331 1198 429 1277 postea
443 1199 479 1261 ad
490 1196 640 1261 ecclesiam
649 1196 823 1261 catholicam
845 1218 916 1263 con-

151 1280 253 1346 versus
266 1281 326 1356 est3
349 1302 416 1344 cum
434 1281 472 1343 ad
487 1293 598 1343 tantam
609 1282 731 1359 gratiam
751 1279 841 1343 Gon
852 1301 873 1343 u
885 1302 916 1343 r.

152 1385 205 1427 sii
217 1386 236 1425 ι
248 1384 269 1424 u
281 1384 327 1425 us
341 1366 496 1443 pervenire
505 1382 567 1424 non
582 1375 751 1426 mereretur.
795 1362 824 1427 Is
839 1363 917 1426 nihi·

151 1447 283 1510 lominus
292 1447 321 1509 S.
332 1449 356 1509 A
367 1468 387 1510 v
398 1468 409 1507 1
421 1466 443 1508 a
454 1466 473 1508 ο
486 1447 639 1525 negotium
651 1443 794 1508 commisit
806 1447 844 1508 ad
856 1446 916 1511 Eu·

151 1528 378 1610 tychianismum
402 1528 604 1608 exscriptoris
631 1528 845 1605 refutandum,
881 1540 918 1592 ut

151 1611 521 1678 ANASTASIUM
556 1612 765 1690 imperatorem
796 1610 834 1674 ab
864 1609 917 1674 illa

152 1694 254 1759 haeresi
264 1706 424 1758 revocaret
468 1692 917 1758 AdeundemGonomi-

152 1800 178 1843 u
191 1800 214 1841 u
225 1800 249 1840 n
270 1777 379 1857 scripit
390 1779 477 1840 etiam
490 1776 641 1856 epistolam
656 1777 694 1840 de
712 1776 865 1841 additione
878 1775 918 1839 ad

153 1861 326 1941 Tr'isagion:
352 1865 415 2005 [zai
427 1862 586 1940 munfieus
600 1882 629 1923 er
646 1878 699 1939 pro
709 1864 792 1923 nobis
803 1857 917 2008 ηαξνι.

153 1968 212 2008 re:
232 1964 289 2007 nec
300 1964 362 2006 non
400 1964 417 2006 e
436 1945 591 2007 divinitate
607 1943 714 2018 verbi,
728 1958 831 2007 contra
864 1942 919 2006 ho.

154 2029 284 2093 tinianos
294 2053 307 2103 ·,
319 2025 369 2090 vel
379 2025 543 2090 Paulinistas
555 2028 675 2106 potius,
687 2046 773 2105 quani
784 2027 916 2090 Arianos.

155 2110 222 2174 iilia
232 2110 317 2190 plura
335 2124 395 2172 tam
407 2109 533 2184 litteris,
550 2129 637 2188 quam
658 2108 866 2185 sermonibus,
882 2128 921 2173 ac

153 2194 239 2342 {ibris
254 2214 309 2274 pro
324 2192 466 2274 religione
477 2192 631 2257 christiana
642 2192 723 2256 idem
735 2190 848 2257 sandius
861 2190 921 2256 ela·

176 2280 280 2342 oravit

203 2378 928 2456 ENNODIUSclamssuitatqueetiamnos

157 2485 227 2528 men
240 2463 408 2527 conselloris
423 2466 530 2527 meruit
554 2462 593 2524 ob
605 2463 678 2524 duas
697 2459 858 2539 legationes
880 2460 920 2522 ad

157 2551 242 2610 nm
253 2568 267 2610 s
278 2567 300 2607 r
311 2567 333 2607 a
343 2567 357 2608 s
368 2569 378 2606 1
391 2567 413 2607 u
424 2570 448 2608 ir
458 2549 674 2625 imperatorem,
686 2546 777 2623 pacis,
788 2545 922 2606 unionis·

158 2651 215 2711 que
228 2633 305 2693 inter
315 2632 457 2691 orientem
471 2634 520 2705 ,da
532 2630 719 2691 occidentem
729 2625 923 2689 restaurandae

158 2714 251 2777 causa
297 2712 425 2775 Schisma
457 2715 489 2774 in
517 2712 637 2775 ecclesia
659 2711 794 2774 Romana
818 2721 923 2772 contra

159 2800 179 2861 S
191 2798 216 2860 Y
229 2797 264 2859 Μ
277 2797 311 2859 Μ
322 2798 344 2857 ii
354 2795 377 2859 C
388 2796 417 2858 H
427 2795 455 2857 U
465 2794 500 2857 Μ
521 2797 682 2858 excitatum
694 2793 802 2857 studuit
826 2793 923 2857 extin-

159 2899 250 2960 guere
269 2881 348 2941 edita
369 2877 503 2956 apologia
512 2880 851 2957 proSriiiiaciio,
878 2895 923 2936 re-

157 2964 292 3026 verentia
320 2963 352 3023 in
376 2962 541 3024 Romanam
565 2960 663 3024 sedem
688 2959 800 3039 insigni.
858 2957 923 3020 Alia

156 3044 271 3124 scripsit
290 3044 394 3124 prosa,
415 3049 443 3107 &
464 3057 580 3118 metro,
594 3042 743 3122 inquibus
756 3041 919 3117 hincinde,

158 3131 249 3192 etiam
268 3129 300 3188 in
314 3127 419 3189 litteris
435 3125 647 3201 familiaribus,
661 3126 794 3205 quaedam
815 3123 923 3203 spargit

157 3208 340 3289 theologiam
353 3212 529 3285 attinentia,
552 3231 586 3274 ac
601 3210 746 3288 dogmata.

203 3316 925 3388 SavrurnusBOETlUSnonsolumin
1040 3379 1042 3382 ,

158 3406 328 3472 liberalibus
338 3405 491 3480 artibus&
505 3402 689 3483 philosophia
701 3401 816 3478 claruit,
827 3402 852 3464 A
862 3399 889 3463 R
898 3398 927 3463 I·

159 3493 180 3554 S
191 3491 220 3553 T
231 3491 257 3554 O
270 3488 330 3551 TE
341 3488 364 3551 L
375 3489 398 3551 E
410 3487 446 3550 Μ
466 3489 498 3549 in
523 3485 673 3550 ecclesiam
697 3486 841 3547 inducens
869 3501 924 3560 pro

160 3575 217 3638 PL
228 3576 250 3634 n
261 3572 288 3634 T
299 3571 363 3634 ΟΝ
374 3571 397 3634 Ε
408 3617 417 3645 ,
430 3569 570 3648 exemplo
578 3569 629 3630 sno
640 3569 780 3645 deinceps
790 3566 928 3630 omnibus

161 3656 292 3733 abreptis
306 3699 315 3729 ‚
330 3674 364 3716 ac
382 3654 575 3716 fundamento
586 3653 664 3728 iasio
677 3650 714 3713 ad
727 3648 928 3713 scholasticam

162 3737 345 3818 theologiam
364 3758 374 3814 3
398 3756 499 3806 rerum
523 3737 613 3801 etiam
637 3736 669 3803 in
692 3732 778 3798 sacris
804 3731 926 3879 telgas,
