<?xml version="1.0" encoding="UTF-8"?>
<!DOCTYPE html PUBLIC "-//W3C//DTD XHTML 1.0 Transitional//EN"
    "http://www.w3.org/TR/xhtml1/DTD/xhtml1-transitional.dtd">
<html xmlns="http://www.w3.org/1999/xhtml" xml:lang="en" lang="en">
 <head>
  <title>
</title>
<meta http-equiv="Content-Type" content="text/html;charset=utf-8" />
  <meta name='ocr-system' content='tesseract 3.04.00' />
  <meta name='ocr-capabilities' content='ocr_page ocr_carea ocr_par ocr_line ocrx_word'/>
</head>
<body>
  <div class='ocr_page' id='page_1' title='image "./principiatheolo00gerbgoog/principiatheolo00gerbgoog_0208.png"; bbox 0 0 2475 4450; ppageno 0'>
   <div class='ocr_carea' id='block_1_1' title="bbox 242 530 1161 639">
    <p class='ocr_par' dir='ltr' id='par_1_1' title="bbox 242 530 1161 639">
     <span class='ocr_line' id='line_1_1' title="bbox 242 530 1161 639; baseline 0 -21"><span class='ocrx_word' id='word_1_1' title='bbox 242 530 250 546; x_wconf 67' lang='lat'><em>⁶</em></span> <span class='ocrx_word' id='word_1_2' title='bbox 329 547 405 630; x_wconf 66' lang='lat'><strong>886</strong></span> <span class='ocrx_word' id='word_1_3' title='bbox 478 558 980 618; x_wconf 74' lang='lat' dir='ltr'><strong>nrnoernrunsno.</strong></span> <span class='ocrx_word' id='word_1_4' title='bbox 1142 584 1161 639; x_wconf 54' lang='grc' dir='ltr'><strong><em>ι</em></strong></span> 
     </span>
    </p>
   </div>
   <div class='ocr_carea' id='block_1_2' title="bbox 327 693 1161 1584">
    <p class='ocr_par' dir='ltr' id='par_1_2' title="bbox 245 693 1161 1118">
     <span class='ocr_line' id='line_1_2' title="bbox 369 693 1161 792; baseline 0.003 -25"><span class='ocrx_word' id='word_1_5' title='bbox 369 701 588 781; x_wconf 63' lang='lat' dir='ltr'><strong>defendunt,</strong></span> <span class='ocrx_word' id='word_1_6' title='bbox 614 693 702 784; x_wconf 72' lang='lat' dir='ltr'><strong>itque</strong></span> <span class='ocrx_word' id='word_1_7' title='bbox 722 703 872 783; x_wconf 75' lang='lat' dir='ltr'><strong>religionis</strong></span> <span class='ocrx_word' id='word_1_8' title='bbox 897 703 1059 769; x_wconf 73' lang='lat' dir='ltr'><strong>christiane</strong></span> <span class='ocrx_word' id='word_1_9' title='bbox 1080 706 1119 784; x_wconf 72' lang='lat' dir='ltr'><strong>ul·</strong></span> <span class='ocrx_word' id='word_1_10' title='bbox 1141 749 1161 792; x_wconf 58' lang='grc' dir='ltr'><strong>ῃ</strong></span> 
     </span>
     <span class='ocr_line' id='line_1_3' title="bbox 368 786 1161 874; baseline 0.008 -26.06"><span class='ocrx_word' id='word_1_11' title='bbox 368 786 468 854; x_wconf 83' lang='lat' dir='ltr'><strong>versus</strong></span> <span class='ocrx_word' id='word_1_12' title='bbox 481 787 616 853; x_wconf 72' lang='lat' dir='ltr'><strong>infideles</strong></span> <span class='ocrx_word' id='word_1_13' title='bbox 635 790 742 852; x_wconf 80' lang='lat' dir='ltr'><strong>veritas</strong></span> <span class='ocrx_word' id='word_1_14' title='bbox 759 789 995 865; x_wconf 85' lang='lat' dir='ltr'><strong>demonstratur,</strong></span> <span class='ocrx_word' id='word_1_15' title='bbox 1023 802 1121 854; x_wconf 72' lang='lat' dir='ltr'><strong>actutu</strong></span> <span class='ocrx_word' id='word_1_16' title='bbox 1139 813 1161 874; x_wconf 58' lang='grc' dir='ltr'><strong>μ</strong></span> 
     </span>
     <span class='ocr_line' id='line_1_4' title="bbox 368 870 1161 959; baseline 0.004 -28"><span class='ocrx_word' id='word_1_17' title='bbox 368 872 540 949; x_wconf 77' lang='lat' dir='ltr'><strong>prestatur:</strong></span> <span class='ocrx_word' id='word_1_18' title='bbox 564 893 620 951; x_wconf 89' lang='lat' dir='ltr'><strong>qua</strong></span> <span class='ocrx_word' id='word_1_19' title='bbox 630 872 667 935; x_wconf 93' lang='lat' dir='ltr'><strong>de</strong></span> <span class='ocrx_word' id='word_1_20' title='bbox 677 870 761 934; x_wconf 84' lang='lat' dir='ltr'>causa</span> <span class='ocrx_word' id='word_1_21' title='bbox 768 875 959 935; x_wconf 82' lang='lat' dir='ltr'><strong>Ancoratum</strong></span> <span class='ocrx_word' id='word_1_22' title='bbox 969 870 1120 951; x_wconf 84' lang='lat' dir='ltr'><strong>inseripfit‚</strong></span> <span class='ocrx_word' id='word_1_23' title='bbox 1141 880 1161 959; x_wconf 66' lang='lat' dir='ltr'>i</span> 
     </span>
     <span class='ocr_line' id='line_1_5' title="bbox 334 952 1161 1043; baseline 0.004 -27"><span class='ocrx_word' id='word_1_24' title='bbox 334 985 336 990; x_wconf 96' lang='lat'>·</span> <span class='ocrx_word' id='word_1_25' title='bbox 368 969 516 1035; x_wconf 73' lang='lat' dir='ltr'><strong>ruentque</strong></span> <span class='ocrx_word' id='word_1_26' title='bbox 527 956 649 1035; x_wconf 84' lang='lat' dir='ltr'><strong>ipsemet</strong></span> <span class='ocrx_word' id='word_1_27' title='bbox 659 973 798 1033; x_wconf 79' lang='lat' dir='ltr'><strong>magnum</strong></span> <span class='ocrx_word' id='word_1_28' title='bbox 816 975 891 1033; x_wconf 89' lang='lat' dir='ltr'><strong>opus</strong></span> <span class='ocrx_word' id='word_1_29' title='bbox 910 952 995 1017; x_wconf 90' lang='lat' dir='ltr'><strong>suum</strong></span> <span class='ocrx_word' id='word_1_30' title='bbox 1015 955 1054 1019; x_wconf 91' lang='lat' dir='ltr'><strong>de</strong></span> <span class='ocrx_word' id='word_1_31' title='bbox 1064 956 1121 1019; x_wconf 85' lang='lat' dir='ltr'><strong>fide.</strong></span> <span class='ocrx_word' id='word_1_32' title='bbox 1142 1000 1161 1043; x_wconf 49' lang='lat' dir='ltr'>fl</span> 
     </span>
     <span class='ocr_line' id='line_1_6' title="bbox 368 1036 1140 1118; baseline -0.006 -12"><span class='ocrx_word' id='word_1_33' title='bbox 368 1036 451 1106; x_wconf 81' lang='lat' dir='ltr'><strong>Finit</strong></span> <span class='ocrx_word' id='word_1_34' title='bbox 458 1053 557 1103; x_wconf 85' lang='lat' dir='ltr'><strong>autem</strong></span> <span class='ocrx_word' id='word_1_35' title='bbox 568 1040 748 1102; x_wconf 79' lang='lat' dir='ltr'><strong>Ancoratum</strong></span> <span class='ocrx_word' id='word_1_36' title='bbox 767 1036 899 1118; x_wconf 83' lang='lat' dir='ltr'><strong>symbolo</strong></span> <span class='ocrx_word' id='word_1_37' title='bbox 911 1058 947 1101; x_wconf 89' lang='lat' dir='ltr'><strong>eo</strong></span> <span class='ocrx_word' id='word_1_38' title='bbox 957 1037 1042 1117; x_wconf 89' lang='lat' dir='ltr'><strong>ipso,</strong></span> <span class='ocrx_word' id='word_1_39' title='bbox 1055 1039 1122 1117; x_wconf 87' lang='lat' dir='ltr'><strong>quod</strong></span> <span class='ocrx_word' id='word_1_40' title='bbox 1136 1065 1140 1080; x_wconf 73' lang='lat'><strong>¹</strong></span> 
     </span>
    </p>

    <p class='ocr_par' dir='ltr' id='par_1_3' title="bbox 327 1120 1161 1584">
     <span class='ocr_line' id='line_1_7' title="bbox 345 1120 1122 1201; baseline -0.004 -14"><span class='ocrx_word' id='word_1_41' title='bbox 345 1165 348 1169; x_wconf 89' lang='lat'>-</span> <span class='ocrx_word' id='word_1_42' title='bbox 392 1122 511 1187; x_wconf 83' lang='lat' dir='ltr'><strong>osteain</strong></span> <span class='ocrx_word' id='word_1_43' title='bbox 520 1121 648 1185; x_wconf 84' lang='lat' dir='ltr'><strong>coneilio</strong></span> <span class='ocrx_word' id='word_1_44' title='bbox 660 1120 817 1201; x_wconf 80' lang='lat' dir='ltr'><strong>cpolitano</strong></span> <span class='ocrx_word' id='word_1_45' title='bbox 830 1121 870 1184; x_wconf 88' lang='lat' dir='ltr'><strong>est</strong></span> <span class='ocrx_word' id='word_1_46' title='bbox 880 1122 1003 1185; x_wconf 90' lang='lat' dir='ltr'><strong>editum.</strong></span> <span class='ocrx_word' id='word_1_47' title='bbox 1049 1121 1122 1186; x_wconf 84' lang='lat' dir='ltr'><strong>Aliud</strong></span> 
     </span>
     <span class='ocr_line' id='line_1_8' title="bbox 327 1142 1161 1304; baseline 0 -37"><span class='ocrx_word' id='word_1_48' title='bbox 327 1200 331 1208; x_wconf 80' lang='grc'><strong>’</strong></span> <span class='ocrx_word' id='word_1_49' title='bbox 367 1142 460 1269; x_wconf 66' lang='lat' dir='ltr'><strong>babet</strong></span> <span class='ocrx_word' id='word_1_50' title='bbox 475 1205 667 1286; x_wconf 80' lang='lat' dir='ltr'>Symbolum,</span> <span class='ocrx_word' id='word_1_51' title='bbox 681 1206 715 1267; x_wconf 65' lang='lat' dir='ltr'><strong>‘in</strong></span> <span class='ocrx_word' id='word_1_52' title='bbox 736 1224 794 1283; x_wconf 89' lang='lat' dir='ltr'><strong>quo</strong></span> <span class='ocrx_word' id='word_1_53' title='bbox 810 1203 930 1267; x_wconf 85' lang='lat' dir='ltr'><strong>haereses</strong></span> <span class='ocrx_word' id='word_1_54' title='bbox 946 1204 1034 1269; x_wconf 76' lang='lat' dir='ltr'><strong>simul</strong></span> <span class='ocrx_word' id='word_1_55' title='bbox 1043 1207 1123 1267; x_wconf 82' lang='lat' dir='ltr'><strong>noni·</strong></span> <span class='ocrx_word' id='word_1_56' title='bbox 1146 1198 1161 1304; x_wconf 60' lang='grc' dir='ltr'>ζ</span> 
     </span>
     <span class='ocr_line' id='line_1_9' title="bbox 369 1288 1161 1368; baseline -0.001 -16"><span class='ocrx_word' id='word_1_57' title='bbox 369 1291 464 1352; x_wconf 76' lang='lat' dir='ltr'><strong>nutirn</strong></span> <span class='ocrx_word' id='word_1_58' title='bbox 488 1292 695 1363; x_wconf 76' lang='lat' dir='ltr'>damnantur,</span> <span class='ocrx_word' id='word_1_59' title='bbox 726 1288 862 1368; x_wconf 91' lang='lat' dir='ltr'><strong>quodque</strong></span> <span class='ocrx_word' id='word_1_60' title='bbox 890 1288 928 1351; x_wconf 85' lang='lat' dir='ltr'><strong>ad</strong></span> <span class='ocrx_word' id='word_1_61' title='bbox 945 1288 1124 1352; x_wconf 80' lang='lat' dir='ltr'><strong>securitatem</strong></span> <span class='ocrx_word' id='word_1_62' title='bbox 1148 1301 1161 1324; x_wconf 63' lang='lat'><strong>⁹</strong></span> 
     </span>
     <span class='ocr_line' id='line_1_10' title="bbox 369 1364 1161 1453; baseline 0.004 -20"><span class='ocrx_word' id='word_1_63' title='bbox 369 1372 560 1453; x_wconf 63' lang='lat' dir='ltr'><strong>praestandam</strong></span> <span class='ocrx_word' id='word_1_64' title='bbox 580 1374 654 1436; x_wconf 88' lang='lat' dir='ltr'><strong>dicit</strong></span> <span class='ocrx_word' id='word_1_65' title='bbox 672 1371 764 1435; x_wconf 87' lang='lat' dir='ltr'><strong>solere</strong></span> <span class='ocrx_word' id='word_1_66' title='bbox 785 1374 903 1453; x_wconf 82' lang='lat' dir='ltr'><strong>exigere</strong></span> <span class='ocrx_word' id='word_1_67' title='bbox 915 1392 933 1434; x_wconf 85' lang='lat' dir='ltr'>a</span> <span class='ocrx_word' id='word_1_68' title='bbox 947 1371 1124 1452; x_wconf 74' lang='lat' dir='ltr'><strong>baptizandis</strong></span> <span class='ocrx_word' id='word_1_69' title='bbox 1149 1364 1161 1405; x_wconf 81' lang='lat'>¹</span> 
     </span>
     <span class='ocr_line' id='line_1_11' title="bbox 371 1427 1161 1584; baseline 0.001 -65"><span class='ocrx_word' id='word_1_70' title='bbox 371 1455 525 1537; x_wconf 78' lang='lat' dir='ltr'><strong>episcopos</strong></span> <span class='ocrx_word' id='word_1_71' title='bbox 542 1455 585 1520; x_wconf 85' lang='lat' dir='ltr'><strong>sui</strong></span> <span class='ocrx_word' id='word_1_72' title='bbox 608 1457 759 1535; x_wconf 87' lang='lat' dir='ltr'><strong>temporis.</strong></span> <span class='ocrx_word' id='word_1_73' title='bbox 1144 1427 1161 1584; x_wconf 49' lang='grc' dir='ltr'>Ἰ</span> 
     </span>
    </p>
   </div>
   <div class='ocr_carea' id='block_1_3' title="bbox 331 1731 1161 2118">
    <p class='ocr_par' dir='ltr' id='par_1_4' title="bbox 331 1731 1161 2118">
     <span class='ocr_line' id='line_1_12' title="bbox 518 1731 1161 1918; baseline -0.002 -29"><span class='ocrx_word' id='word_1_74' title='bbox 518 1773 969 1918; x_wconf 66' lang='lat' dir='ltr'><strong>cnrurvn</strong></span> <span class='ocrx_word' id='word_1_75' title='bbox 1147 1731 1161 1908; x_wconf 75' lang='lat' dir='ltr'><strong>l</strong></span> 
     </span>
     <span class='ocr_line' id='line_1_13' title="bbox 331 1920 1161 2118; baseline -0.006 -86"><span class='ocrx_word' id='word_1_76' title='bbox 331 1937 447 2085; x_wconf 67' lang='lat' dir='ltr'><strong>fidei</strong></span> <span class='ocrx_word' id='word_1_77' title='bbox 461 1933 669 2047; x_wconf 68' lang='lat' dir='ltr'><strong>christiane</strong></span> <span class='ocrx_word' id='word_1_78' title='bbox 680 1937 816 2049; x_wconf 82' lang='lat' dir='ltr'><strong>vigor,</strong></span> <span class='ocrx_word' id='word_1_79' title='bbox 838 1938 890 2040; x_wconf 69' lang='lat' dir='ltr'><strong>(J</strong></span> <span class='ocrx_word' id='word_1_80' title='bbox 903 1920 1161 2118; x_wconf 54' lang='lat' dir='ltr'><strong>conservatio}</strong></span> 
     </span>
    </p>
   </div>
   <div class='ocr_carea' id='block_1_4' title="bbox 591 2044 862 2162">
    <p class='ocr_par' dir='ltr' id='par_1_5' title="bbox 591 2044 862 2162">
     <span class='ocr_line' id='line_1_14' title="bbox 591 2044 862 2162; baseline 0.022 -37"><span class='ocrx_word' id='word_1_81' title='bbox 591 2044 721 2162; x_wconf 67' lang='lat' dir='ltr'><strong>seculo</strong></span> <span class='ocrx_word' id='word_1_82' title='bbox 735 2052 862 2156; x_wconf 83' lang='lat' dir='ltr'><strong>quinto.</strong></span> 
     </span>
    </p>
   </div>
   <div class='ocr_carea' id='block_1_5' title="bbox 583 2218 877 2335">
    <p class='ocr_par' dir='ltr' id='par_1_6' title="bbox 583 2218 877 2335">
     <span class='ocr_line' id='line_1_15' title="bbox 583 2218 877 2335; baseline 0 -22"><span class='ocrx_word' id='word_1_83' title='bbox 583 2218 625 2335; x_wconf 69' lang='grc' dir='ltr'><strong>ς.</strong></span> <span class='ocrx_word' id='word_1_84' title='bbox 654 2221 877 2314; x_wconf 80' lang='lat' dir='ltr'><strong>nxxrv.</strong></span> 
     </span>
    </p>
   </div>
   <div class='ocr_carea' id='block_1_6' title="bbox 88 2352 1135 2930">
    <p class='ocr_par' dir='ltr' id='par_1_7' title="bbox 88 2352 1135 2930">
     <span class='ocr_line' id='line_1_16' title="bbox 112 2352 1135 2545; baseline 0.007 -96"><span class='ocrx_word' id='word_1_85' title='bbox 112 2376 114 2380; x_wconf 84' lang='grc'><strong>’</strong></span> <span class='ocrx_word' id='word_1_86' title='bbox 147 2352 239 2438; x_wconf 69' lang='lat' dir='ltr'><strong>F¹⁰⁸2</strong></span> <span class='ocrx_word' id='word_1_87' title='bbox 263 2362 294 2426; x_wconf 58' lang='grc' dir='ltr'><strong>ἃ</strong></span> <span class='ocrx_word' id='word_1_88' title='bbox 331 2359 512 2545; x_wconf 76' lang='lat' dir='ltr'><strong>Saeculo</strong></span> <span class='ocrx_word' id='word_1_89' title='bbox 539 2367 685 2480; x_wconf 88' lang='lat' dir='ltr'><strong>quinto</strong></span> <span class='ocrx_word' id='word_1_90' title='bbox 715 2366 836 2453; x_wconf 85' lang='lat' dir='ltr'><strong>status</strong></span> <span class='ocrx_word' id='word_1_91' title='bbox 859 2364 1032 2455; x_wconf 83' lang='lat' dir='ltr'><strong>ecclefiae</strong></span> <span class='ocrx_word' id='word_1_92' title='bbox 1062 2367 1135 2456; x_wconf 87' lang='lat' dir='ltr'><strong>flo-</strong></span> 
     </span>
     <span class='ocr_line' id='line_1_17' title="bbox 88 2464 1135 2595; baseline 0.007 -35"><span class='ocrx_word' id='word_1_93' title='bbox 88 2502 90 2506; x_wconf 72' lang='grc'>’</span> <span class='ocrx_word' id='word_1_94' title='bbox 144 2464 292 2595; x_wconf 55' lang='lat' dir='ltr'><strong>{iffi</strong></span> <span class='ocrx_word' id='word_1_95' title='bbox 411 2478 652 2564; x_wconf 84' lang='lat' dir='ltr'><strong>rentisfinrus</strong></span> <span class='ocrx_word' id='word_1_96' title='bbox 667 2473 747 2564; x_wconf 87' lang='lat' dir='ltr'><strong>fuit</strong></span> <span class='ocrx_word' id='word_1_97' title='bbox 764 2539 776 2577; x_wconf 90' lang='lat'>,</span> <span class='ocrx_word' id='word_1_98' title='bbox 796 2504 990 2591; x_wconf 84' lang='lat' dir='ltr'><strong>novaque</strong></span> <span class='ocrx_word' id='word_1_99' title='bbox 1006 2483 1135 2567; x_wconf 88' lang='lat' dir='ltr'><strong>incre-</strong></span> 
     </span>
     <span class='ocr_line' id='line_1_18' title="bbox 88 2588 1133 2703; baseline 0.008 -32"><span class='ocrx_word' id='word_1_100' title='bbox 88 2664 91 2671; x_wconf 67' lang='lat'><em>,</em></span> <span class='ocrx_word' id='word_1_101' title='bbox 170 2643 172 2646; x_wconf 94' lang='lat'>-</span> <span class='ocrx_word' id='word_1_102' title='bbox 331 2588 855 2677; x_wconf 81' lang='lat' dir='ltr'><strong>menrahincindeeeelefiae</strong></span> <span class='ocrx_word' id='word_1_103' title='bbox 872 2590 1133 2703; x_wconf 78' lang='lat' dir='ltr'><strong>accefferunt3</strong></span> 
     </span>
     <span class='ocr_line' id='line_1_19' title="bbox 330 2693 1134 2813; baseline 0.007 -26"><span class='ocrx_word' id='word_1_104' title='bbox 330 2724 409 2788; x_wconf 86' lang='lat' dir='ltr'><strong>nec</strong></span> <span class='ocrx_word' id='word_1_105' title='bbox 423 2693 646 2785; x_wconf 88' lang='lat' dir='ltr'><strong>defuerunt</strong></span> <span class='ocrx_word' id='word_1_106' title='bbox 664 2702 962 2813; x_wconf 88' lang='lat' dir='ltr'><strong>persecutiones</strong></span> <span class='ocrx_word' id='word_1_107' title='bbox 984 2733 1031 2790; x_wconf 82' lang='lat' dir='ltr'><strong>ac</strong></span> <span class='ocrx_word' id='word_1_108' title='bbox 1051 2704 1134 2792; x_wconf 79' lang='lat' dir='ltr'><strong>lau-</strong></span> 
     </span>
     <span class='ocr_line' id='line_1_20' title="bbox 331 2812 1132 2930; baseline 0.007 -31"><span class='ocrx_word' id='word_1_109' title='bbox 331 2837 411 2899; x_wconf 85' lang='lat' dir='ltr'><strong>reae</strong></span> <span class='ocrx_word' id='word_1_110' title='bbox 424 2813 604 2923; x_wconf 83' lang='lat' dir='ltr'><strong>martyrii</strong></span> <span class='ocrx_word' id='word_1_111' title='bbox 613 2839 691 2928; x_wconf 89' lang='lat' dir='ltr'><strong>pro</strong></span> <span class='ocrx_word' id='word_1_112' title='bbox 706 2812 904 2930; x_wconf 84' lang='lat' dir='ltr'><strong>religione</strong></span> <span class='ocrx_word' id='word_1_113' title='bbox 913 2815 1132 2905; x_wconf 82' lang='lat' dir='ltr'><strong>christiana.</strong></span> 
     </span>
    </p>
   </div>
   <div class='ocr_carea' id='block_1_7' title="bbox 194 2990 1157 3743">
    <p class='ocr_par' dir='ltr' id='par_1_8' title="bbox 194 2990 1157 3743">
     <span class='ocr_line' id='line_1_21' title="bbox 364 2990 1133 3072; baseline 0.005 -16"><span class='ocrx_word' id='word_1_114' title='bbox 364 3038 368 3044; x_wconf 64' lang='grc'><strong><em>«</em></strong></span> <span class='ocrx_word' id='word_1_115' title='bbox 417 2990 507 3056; x_wconf 85' lang='lat' dir='ltr'><strong>Zelus</strong></span> <span class='ocrx_word' id='word_1_116' title='bbox 527 2992 723 3070; x_wconf 76' lang='lat' dir='ltr'><strong>propagandae</strong></span> <span class='ocrx_word' id='word_1_117' title='bbox 733 2991 803 3056; x_wconf 86' lang='lat' dir='ltr'><strong>fidei</strong></span> <span class='ocrx_word' id='word_1_118' title='bbox 816 2992 914 3072; x_wconf 90' lang='lat' dir='ltr'><strong>plures</strong></span> <span class='ocrx_word' id='word_1_119' title='bbox 933 2999 1073 3060; x_wconf 85' lang='lat' dir='ltr'><strong>accendit</strong></span> <span class='ocrx_word' id='word_1_120' title='bbox 1081 2997 1133 3060; x_wconf 86' lang='lat' dir='ltr'><strong>hoe</strong></span> 
     </span>
     <span class='ocr_line' id='line_1_22' title="bbox 375 3073 1134 3155; baseline 0.004 -16"><span class='ocrx_word' id='word_1_121' title='bbox 375 3095 463 3150; x_wconf 82' lang='lat' dir='ltr'><strong>aevo,</strong></span> <span class='ocrx_word' id='word_1_122' title='bbox 491 3087 526 3138; x_wconf 91' lang='lat' dir='ltr'><strong>ut</strong></span> <span class='ocrx_word' id='word_1_123' title='bbox 538 3073 668 3152; x_wconf 85' lang='lat' dir='ltr'><strong>reliquiis</strong></span> <span class='ocrx_word' id='word_1_124' title='bbox 681 3075 834 3155; x_wconf 87' lang='lat' dir='ltr'><strong>gentilium</strong></span> <span class='ocrx_word' id='word_1_125' title='bbox 853 3080 889 3141; x_wconf 89' lang='lat' dir='ltr'><strong>ad</strong></span> <span class='ocrx_word' id='word_1_126' title='bbox 907 3080 998 3143; x_wconf 84' lang='lat' dir='ltr'><strong>fidem</strong></span> <span class='ocrx_word' id='word_1_127' title='bbox 1017 3101 1134 3144; x_wconf 87' lang='lat' dir='ltr'><strong>conver·</strong></span> 
     </span>
     <span class='ocr_line' id='line_1_23' title="bbox 375 3157 1131 3241; baseline 0.004 -19"><span class='ocrx_word' id='word_1_128' title='bbox 375 3160 475 3222; x_wconf 87' lang='lat' dir='ltr'><strong>tendis</strong></span> <span class='ocrx_word' id='word_1_129' title='bbox 499 3157 556 3220; x_wconf 89' lang='lat' dir='ltr'><strong>sese</strong></span> <span class='ocrx_word' id='word_1_130' title='bbox 579 3159 721 3221; x_wconf 86' lang='lat' dir='ltr'><strong>dicarent.</strong></span> <span class='ocrx_word' id='word_1_131' title='bbox 765 3161 835 3222; x_wconf 90' lang='lat' dir='ltr'><strong>Non</strong></span> <span class='ocrx_word' id='word_1_132' title='bbox 854 3163 1056 3241; x_wconf 87' lang='lat' dir='ltr'><strong>infrequenter</strong></span> <span class='ocrx_word' id='word_1_133' title='bbox 1079 3185 1131 3225; x_wconf 88' lang='lat' dir='ltr'><strong>me-</strong></span> 
     </span>
     <span class='ocr_line' id='line_1_24' title="bbox 376 3241 1157 3311; baseline 0.004 -6"><span class='ocrx_word' id='word_1_134' title='bbox 376 3244 443 3305; x_wconf 90' lang='lat' dir='ltr'><strong>dios</strong></span> <span class='ocrx_word' id='word_1_135' title='bbox 464 3242 541 3303; x_wconf 86' lang='lat' dir='ltr'><strong>inter</strong></span> <span class='ocrx_word' id='word_1_136' title='bbox 554 3241 722 3305; x_wconf 85' lang='lat' dir='ltr'><strong>christianos</strong></span> <span class='ocrx_word' id='word_1_137' title='bbox 735 3243 904 3308; x_wconf 84' lang='lat' dir='ltr'><strong>adhucdum</strong></span> <span class='ocrx_word' id='word_1_138' title='bbox 917 3246 1067 3311; x_wconf 89' lang='lat' dir='ltr'><strong>idolorum</strong></span> <span class='ocrx_word' id='word_1_139' title='bbox 1080 3246 1131 3310; x_wconf 85' lang='lat' dir='ltr'><strong>cul.</strong></span> <span class='ocrx_word' id='word_1_140' title='bbox 1154 3256 1157 3267; x_wconf 93' lang='lat'>&#39;</span> 
     </span>
     <span class='ocr_line' id='line_1_25' title="bbox 375 3322 1130 3410; baseline 0.004 -22"><span class='ocrx_word' id='word_1_141' title='bbox 375 3338 424 3388; x_wconf 90' lang='lat' dir='ltr'><strong>tus</strong></span> <span class='ocrx_word' id='word_1_142' title='bbox 434 3322 561 3403; x_wconf 77' lang='lat' dir='ltr'><strong>vigebat</strong></span> <span class='ocrx_word' id='word_1_143' title='bbox 606 3324 680 3400; x_wconf 83' lang='lat' dir='ltr'><strong>Quae</strong></span> <span class='ocrx_word' id='word_1_144' title='bbox 699 3327 809 3389; x_wconf 78' lang='lat' dir='ltr'><strong>occafio</strong></span> <span class='ocrx_word' id='word_1_145' title='bbox 830 3329 886 3400; x_wconf 82' lang='lat' dir='ltr'><strong>fuit</strong></span> <span class='ocrx_word' id='word_1_146' title='bbox 899 3329 1036 3393; x_wconf 89' lang='lat' dir='ltr'><strong>fidelibus</strong></span> <span class='ocrx_word' id='word_1_147' title='bbox 1046 3331 1130 3410; x_wconf 88' lang='lat' dir='ltr'><strong>pasto-</strong></span> 
     </span>
     <span class='ocr_line' id='line_1_26' title="bbox 352 3405 1128 3477; baseline 0.005 -6"><span class='ocrx_word' id='word_1_148' title='bbox 352 3414 355 3425; x_wconf 86' lang='lat'>&#39;</span> <span class='ocrx_word' id='word_1_149' title='bbox 375 3408 457 3472; x_wconf 88' lang='lat' dir='ltr'><strong>ribus</strong></span> <span class='ocrx_word' id='word_1_150' title='bbox 472 3407 510 3470; x_wconf 80' lang='lat' dir='ltr'><strong>ed</strong></span> <span class='ocrx_word' id='word_1_151' title='bbox 528 3405 607 3468; x_wconf 89' lang='lat' dir='ltr'><strong>ovile</strong></span> <span class='ocrx_word' id='word_1_152' title='bbox 627 3408 787 3472; x_wconf 87' lang='lat' dir='ltr'><strong>CHRISTI</strong></span> <span class='ocrx_word' id='word_1_153' title='bbox 808 3426 937 3475; x_wconf 86' lang='lat' dir='ltr'><strong>errantes</strong></span> <span class='ocrx_word' id='word_1_154' title='bbox 957 3415 1128 3477; x_wconf 86' lang='lat' dir='ltr'><strong>adducendi</strong></span> 
     </span>
     <span class='ocr_line' id='line_1_27' title="bbox 419 3490 1130 3568; baseline 0.011 -17"><span class='ocrx_word' id='word_1_155' title='bbox 419 3492 485 3568; x_wconf 85' lang='lat' dir='ltr'><strong>Qua</strong></span> <span class='ocrx_word' id='word_1_156' title='bbox 505 3491 536 3550; x_wconf 91' lang='lat' dir='ltr'><strong>in</strong></span> <span class='ocrx_word' id='word_1_157' title='bbox 559 3508 591 3550; x_wconf 90' lang='lat' dir='ltr'><strong>re</strong></span> <span class='ocrx_word' id='word_1_158' title='bbox 607 3490 775 3554; x_wconf 87' lang='lat' dir='ltr'><strong>celebreest</strong></span> <span class='ocrx_word' id='word_1_159' title='bbox 794 3495 821 3556; x_wconf 80' lang='lat' dir='ltr'><strong>S.</strong></span> <span class='ocrx_word' id='word_1_160' title='bbox 845 3495 1130 3561; x_wconf 86' lang='lat' dir='ltr'>PORPHYRII</span> 
     </span>
     <span class='ocr_line' id='line_1_28' title="bbox 194 3572 1132 3654; baseline 0.005 -17"><span class='ocrx_word' id='word_1_161' title='bbox 194 3632 202 3648; x_wconf 88' lang='grc'><em>,</em></span> <span class='ocrx_word' id='word_1_162' title='bbox 280 3629 287 3644; x_wconf 89' lang='grc'><strong>.</strong></span> <span class='ocrx_word' id='word_1_163' title='bbox 308 3627 322 3654; x_wconf 67' lang='grc'>,</span> <span class='ocrx_word' id='word_1_164' title='bbox 376 3592 509 3647; x_wconf 86' lang='lat' dir='ltr'><strong>nomen,</strong></span> <span class='ocrx_word' id='word_1_165' title='bbox 530 3572 616 3635; x_wconf 83' lang='lat' dir='ltr'><strong>Gazae</strong></span> <span class='ocrx_word' id='word_1_166' title='bbox 638 3574 787 3653; x_wconf 82' lang='lat' dir='ltr'><strong>episcopi,</strong></span> <span class='ocrx_word' id='word_1_167' title='bbox 809 3580 861 3640; x_wconf 91' lang='lat' dir='ltr'><strong>ubi</strong></span> <span class='ocrx_word' id='word_1_168' title='bbox 875 3579 972 3642; x_wconf 86' lang='lat' dir='ltr'><strong>adhuc</strong></span> <span class='ocrx_word' id='word_1_169' title='bbox 993 3594 1079 3644; x_wconf 91' lang='lat' dir='ltr'><strong>vetus</strong></span> <span class='ocrx_word' id='word_1_170' title='bbox 1097 3581 1132 3642; x_wconf 85' lang='lat' dir='ltr'><strong>su-</strong></span> 
     </span>
     <span class='ocr_line' id='line_1_29' title="bbox 296 3656 1132 3743; baseline 0.005 -23"><span class='ocrx_word' id='word_1_171' title='bbox 296 3710 308 3730; x_wconf 66' lang='lat'><em>„</em></span> <span class='ocrx_word' id='word_1_172' title='bbox 339 3712 341 3717; x_wconf 74' lang='grc'>,</span> <span class='ocrx_word' id='word_1_173' title='bbox 377 3656 507 3740; x_wconf 87' lang='lat' dir='ltr'><strong>perstitio</strong></span> <span class='ocrx_word' id='word_1_174' title='bbox 534 3656 705 3731; x_wconf 83' lang='lat' dir='ltr'><strong>obtinebat,</strong></span> <span class='ocrx_word' id='word_1_175' title='bbox 729 3659 1022 3743; x_wconf 88' lang='lat' dir='ltr'><strong>CHRISTOque</strong></span> <span class='ocrx_word' id='word_1_176' title='bbox 1047 3683 1132 3743; x_wconf 89' lang='lat' dir='ltr'><strong>oppo-</strong></span> 
     </span>
    </p>
   </div>
   <div class='ocr_carea' id='block_1_8' title="bbox 377 3738 1161 3905">
    <p class='ocr_par' dir='ltr' id='par_1_9' title="bbox 375 3738 1161 3905">
     <span class='ocr_line' id='line_1_30' title="bbox 377 3738 1133 3826; baseline 0.003 -18"><span class='ocrx_word' id='word_1_177' title='bbox 377 3740 502 3811; x_wconf 86' lang='lat' dir='ltr'><strong>nebatur</strong></span> <span class='ocrx_word' id='word_1_178' title='bbox 522 3738 637 3806; x_wconf 88' lang='lat' dir='ltr'><strong>idolum</strong></span> <span class='ocrx_word' id='word_1_179' title='bbox 650 3745 795 3811; x_wconf 82' lang='lat' dir='ltr'><strong>Marnas.</strong></span> <span class='ocrx_word' id='word_1_180' title='bbox 875 3745 1021 3814; x_wconf 80' lang='lat' dir='ltr'><strong>Indefeffa</strong></span> <span class='ocrx_word' id='word_1_181' title='bbox 1041 3761 1133 3826; x_wconf 85' lang='lat' dir='ltr'><strong>autern</strong></span> 
     </span>
     <span class='ocr_line' id='line_1_31' title="bbox 1033 3849 1161 3905; baseline -0.003 -11.674"><span class='ocrx_word' id='word_1_182' title='bbox 1033 3849 1102 3898; x_wconf 79' lang='lat' dir='ltr'><strong>eura</strong></span> <span class='ocrx_word' id='word_1_183' title='bbox 1159 3861 1161 3905; x_wconf 65' lang='grc' dir='ltr'>ς</span> 
     </span>
    </p>
   </div>
   <div class='ocr_carea' id='block_1_9' title="bbox 0 0 1246 4450">
    <p class='ocr_par' dir='ltr' id='par_1_10' title="bbox 0 0 1246 4450">
     <span class='ocr_line' id='line_1_32' title="bbox 0 0 1246 4450; baseline 0 0"><span class='ocrx_word' id='word_1_184' title='bbox 0 0 1246 4450; x_wconf 95' lang='lat' dir='ltr'><strong> </strong></span> 
     </span>
    </p>
   </div>
  </div>
 </body>
</html>
