2475 4450
635 535 794 622 256
933 547 1113 605 „nn
1180 545 1697 604 nocuum
1776 543 1860 600 sn

715 694 901 768 straus
925 738 948 769 ‚
1018 706 1191 774 atque
1243 696 1674 758 communionis
1741 694 1860 755 vin«

765 797 868 840 ens
918 797 1053 840 cum
1091 778 1332 841 ecclefia
1374 778 1666 841 catholica
1693 822 1712 851 ‚
1754 776 1835 838 ob

802 906 822 936 ,
875 880 1001 938 quae
1032 861 1301 940 fingulari
1340 881 1518 939 opere
1590 860 1860 922 defendes

616 925 620 931 ’
719 955 929 1005 contra
975 938 1575 1007 MUCIANUM
1630 944 1860 1021 quenda

721 1024 869 1090 lium
910 1026 1069 1089 abire
1114 1028 1291 1104 juffus
1330 1028 1409 1090 est
1457 1048 1491 1089 a
1529 1027 1562 1101 J
1586 1027 1635 1087 U
1661 1028 1698 1089 S
1723 1025 1860 1090 TI]

802 1144 1030 1208 Habuit
1053 1146 1117 1206 in
1142 1145 1478 1207 defensione
1524 1147 1705 1208 trium
1748 1165 1857 1224 cap

723 1229 882 1291 cium
924 1227 1582 1303 LIBERATUM‚
1619 1231 1719 1307 qui
1748 1229 1859 1292 etia

723 1309 1126 1373 Nestorianam
1147 1357 1165 1386 ‚
1216 1314 1273 1374 δε
1312 1311 1739 1390 Eutychianam
1779 1311 1859 1376 sul

723 1395 893 1456 viarii
935 1393 1153 1471 scripsit
1178 1415 1193 1454 :
1263 1395 1326 1455 in
1369 1394 1610 1457 ecclefia
1671 1395 1853 1457 Rom:-

727 1475 1245 1551 STIANUM‚
1275 1477 1809 1542 &RUSTICU

724 1571 936 1622 contra
975 1558 1286 1638 acephalos
1331 1560 1585 1639 scripfit:
1656 1581 1817 1639 quen·

725 1642 870 1703 tiam
935 1641 1551 1707 FERRANDUS
1620 1645 1805 1706 diaco*

724 1723 914 1785 nenfis
965 1741 1197 1801 rogatus
1271 1725 1343 1787 ab
1381 1726 1430 1788 A
1451 1726 1509 1788 N
1529 1723 1582 1789 Ἀ
1600 1727 1655 1790 Τ
1674 1727 1729 1790 Ο
1750 1727 1777 1788 Ι

727 1825 890 1866 τοι
920 1827 942 1865 1
967 1827 1007 1866 u
1032 1828 1057 1868 s
1099 1807 1239 1883 hic,
1293 1810 1356 1869 in
1391 1808 1556 1872 causa
1606 1811 1759 1872 triuv

725 1891 907 1950 etiam
963 1889 1006 1950 F
1034 1911 1064 1951 n
1090 1911 1127 1949 R
1151 1911 1189 1949 ι
1212 1911 1255 1950 A
1277 1910 1326 1951 N
1350 1909 1392 1951 n
1418 1911 1456 1952 o
1505 1892 1721 1971 scripfit

717 1970 1027 2049 episcopos
1075 1974 1376 2036 Africanos
1399 1996 1418 2049 ;
1476 1974 1575 2037 sed
1632 1997 1721 2038 eux

725 2071 851 2115 non
870 2054 1075 2117 darent
1097 2101 1115 2130 ‚
1147 2056 1433 2136 rescripsit
1454 2057 1556 2120 suo
1577 2078 1693 2120 non

731 2157 775 2199 ι)
803 2157 844 2201 u
865 2157 893 2199 s
916 2183 936 2214 ‚
988 2141 1051 2202 in
1077 2139 1473 2203 defenfionem
1504 2143 1677 2204 trium

1140 2290 1219 2400 ς.
1294 2291 1605 2380 xcvl

280 2493 443 2558 Inter
466 2512 616 2573 quos
754 2472 1083 2584 Agmen
1160 2470 1546 2558 claudunt

279 2578 613 2735 ξυῗῗζζῐῑ
648 2581 862 2678 duo,
901 2582 1099 2666 alter
1119 2585 1581 2670 Turonens?

278 2760 529 2817 magnus
649 2717 772 2778 ter
798 2697 1204 2778 Rom-anus
1234 2724 1549 2809 magnu-

283 2821 608 2886 excellunt.
644 2807 805 2890 rito
828 2863 855 2901 ‚
890 2805 999 2890 Ob
1038 2809 1304 2918 gesta,
1334 2818 1423 2902 ὃς
1442 2809 1519 2891 sc

643 2943 749 3004 ne
785 2915 1274 3030 amplissima.

814 3065 866 3129 G
885 3066 936 3130 R
960 3067 1006 3129 E
1030 3067 1080 3129 G
1101 3068 1154 3130 O
1176 3068 1230 3131 R
1249 3068 1279 3130 I
1297 3067 1350 3131 U
1370 3068 1409 3131 S
1452 3066 1493 3129 ‘1

731 3166 890 3211 cram
911 3149 1226 3227 plurimum
1252 3148 1465 3212 illustra

1630 3257 1736 3293 ,τε
1767 3224 1860 3321 a}
