2475 4450
183 538 297 639 Posi*
325 544 568 601 cumarum
599 541 761 601 S'fficev.
834 535 906 624 225
1020 623 1023 628 ⁴

150 688 232 753 nihil
249 688 319 752 mali
331 687 419 752 inesse
438 683 697 766 deprehendebat,
719 698 912 766 preterquam
967 717 970 724 ·

152 770 238 853 qnod
262 774 300 835 ad
320 770 410 833 solem
430 770 458 834 se
477 787 589 834 vertere
609 770 749 832 continuo
775 769 908 834 solerent.

149 856 247 935 Quod
266 854 474 917 Eucharistiam
493 856 678 931 reciperent,
701 854 832 917 audierat
850 854 913 933 qui-

149 940 246 1015 dem3
269 938 341 1017 quid
363 951 460 999 autem
487 936 575 1011 effer,
597 935 751 999 nesciebat.
795 936 831 999 ld
849 950 913 998 tan-
931 944 1076 1011 nemori.

155 1038 225 1088 tum
244 1022 282 1082 de
307 1020 405 1082 electis
424 1019 656 1081 Manichaeorum
678 1020 768 1093 dicit,
794 1019 822 1081 se
847 1018 911 1081 nul·
929 1031 985 1090 hm
995 1034 1073 1095 Ma.

150 1104 219 1167 lum
236 1118 339 1166 eorum
356 1101 523 1180 agnovisse,
548 1104 598 1180 qui
617 1122 678 1163 non
699 1102 796 1180 aliquo
807 1104 839 1163 in
853 1101 913 1186 sce-
932 1114 1009 1176 nich,
1016 1136 1040 1177 c,
1046 1134 1094 1197 19,

150 1187 219 1251 lere
241 1184 435 1266 deprehensus
458 1183 536 1246 esset.

198 1305 300 1369 Postea
330 1316 428 1365 autem
460 1294 590 1364 delusum
607 1299 636 1364 se
654 1297 798 1380 sentiens,
837 1323 914 1369 vana

154 1387 303 1471 promissae
316 1384 443 1449 scientiae
458 1384 528 1462 spe,
554 1404 616 1444 non
625 1385 718 1447 statim
734 1388 770 1448 ad
790 1390 915 1465 agnitio-

154 1492 228 1533 nem
240 1471 370 1532 veritatis
382 1469 521 1545 pertigit,
542 1467 579 1528 ad
601 1470 840 1533 incertitudinem
852 1491 917 1534 aca-

157 1555 341 1616 demicorum
361 1552 528 1611 deflectens.
576 1550 680 1613 Adhuc
690 1552 834 1630 corporali
846 1573 917 1615 con·

156 1653 249 1714 cepto
269 1635 430 1697 divinitatis
447 1632 617 1706 tenebatur,
640 1654 727 1710 quem
746 1636 859 1697 fontem
872 1658 916 1698 er·
938 1618 1067 1717 &infil-

157 1738 260 1782 rorum
279 1717 394 1779 suorum
421 1715 568 1794 agnoscit,
593 1717 635 1778 ac
647 1711 814 1796 desperabat
827 1721 857 1779 in
869 1740 919 1782 ec-,
939 1705 973 1767 V·
987 1722 1075 1790 ΜΟ·

159 1802 254 1864 clesra
282 1800 425 1862 catholica
448 1798 485 1861 ad
516 1800 668 1861 veritatem
694 1801 722 1863 se
749 1804 915 1880 pertingere
955 1825 959 1836 ’
1033 1843 1039 1855 ,
1078 1827 1096 1874 ,-

158 1883 248 1965 pose.
292 1881 431 1945 Paulatim
444 1898 542 1943 tamen
557 1882 721 1945 Mediolani
736 1878 979 1949 sermonibur-lb·
990 1894 1014 1938 ⁶·
1030 1892 1076 1947 14·

160 1970 190 2029 S.
213 1965 315 2029 hil-B
325 1966 352 2027 R
364 1967 421 2027 Os
433 1964 471 2025 ll
490 1965 635 2027 erroribus
648 1965 802 2030 liberatum
813 1967 841 2030 se
855 1968 917 2031 serr-

159 2050 204 2123 srt,
219 2048 352 2126 quamvis
363 2046 525 2110 curiositate
540 2050 641 2125 magia,
657 2052 816 2125 quomodo,
831 2071 917 2127 quarn
945 2105 949 2111 .

158 2133 232 2211 quid
251 2129 383 2203 diceret,
409 2130 586 2191 attendebat.
637 2131 799 2200 intellexit
818 2147 918 2195 tamen

158 2214 302 2295 paulatim
320 2212 490 2292 impossrbile
509 2213 587 2274 haud
612 2212 687 2288 esse,
707 2230 741 2276 ut
765 2214 916 2278 calumniis

159 2297 395 2362 Manichaeorum
415 2297 658 2373 responderetur,
685 2297 787 2373 quibos
803 2314 917 2375 partem

159 2381 308 2458 scripturae
318 2379 501 2441 incessebant
542 2379 682 2453 Quamvis
697 2379 721 2440 D
735 2380 757 2441 E
769 2381 793 2442 U
805 2380 838 2442 llll
850 2401 918 2442 nec-

160 2466 255 2537 dum,
273 2459 324 2522 nisr
335 2461 478 2540 corporali
491 2461 601 2534 mod0‚
626 2463 781 2539 concipere
802 2463 917 2540 posset,

160 2545 294 2626 agnoscit
316 2562 414 2606 tamen
438 2542 576 2621 paulatim
595 2549 790 2622 corruptionis
811 2547 918 2620 omnis,

131 2623 136 2640 ’
160 2651 197 2693 ac
220 2629 467 2690 mutationiseum
483 2639 633 2703 expertem
655 2626 711 2689 esse
735 2629 860 2703 debere,
883 2646 918 2691 ac

160 2711 283 2775 miseros
314 2704 369 2771 esse
395 2709 594 2783 ManichaeoS,
628 2714 678 2786 qui
703 2711 832 2773 divinant
856 2712 920 2774 sub·

160 2796 298 2858 stantiam
329 2790 405 2853 malo
438 2794 596 2854 obnoxiam
626 2793 676 2853 srbi
699 2794 917 2870 persuadebant.

163 2877 271 2940 Adhuc
287 2890 382 2936 autem
404 2875 486 2936 causa
507 2874 576 2936 mali
598 2895 664 2937 eum
685 2877 857 2953 perplexum
879 2892 922 2940 te-

161 2961 276 3033 nebat,
302 2959 449 3036 quomodo
473 2958 691 3019 homocreatus
712 2959 850 3022 asommo
870 2961 922 3022 bo·

162 3063 206 3105 no
233 3039 323 3115 mali,
357 3044 384 3102 dt
408 3042 522 3118 peccati
546 3059 639 3119 capax
660 3040 749 3118 effer,
775 3045 923 3106 undenam

163 3124 244 3188 mala
266 3120 380 3185 veniret
402 3123 548 3185 voluntas.

211 3234 367 3312 Scripturae
388 3232 470 3296 sacrae
492 3233 586 3296 studio
606 3235 664 3298 sese
684 3234 843 3311 addicens,
867 3257 926 3300 ma·

166 3318 250 3380 xime
267 3313 462 3378 delectabatur
475 3314 601 3394 ebistolis
620 3318 656 3381 D.
681 3319 768 3381 Pau
781 3321 803 3382 L
814 3320 836 3380 l.
881 3320 927 3382 hd

168 3419 257 3482 quam
275 3397 432 3461 lethonem
453 3399 540 3461 semel
561 3400 661 3462 divina
676 3422 751 3464 voce
775 3404 925 3478 incitatus,

165 3482 264 3545 subito
284 3492 430 3555 mutatus,
453 3479 773 3561 deinceps‘docillimus
793 3485 870 3560 fuit,
893 3485 927 3545 fi-

167 3567 238 3628 dem
264 3563 443 3642 praescientia
466 3563 599 3642 eligens,
639 3578 725 3643 atque
749 3566 814 3628 satis
837 3587 929 3644 agno·

168 3648 273 3722 scens,
310 3645 400 3708 solam
419 3645 585 3710 libertatern
613 3650 726 3712 arbitrii
743 3650 832 3711 nostri
860 3649 926 3732 effe,

168 3727 350 3798 codenola
374 3731 599 3877 omniasrnt.P
808 3813 832 3880 A
