2475 4450
159 579 284 637 rosa
311 575 770 635 emarcueram-cm
848 571 921 651 197
953 594 955 600 ·

151 726 261 789 nostris
272 724 443 806 ponebant,
463 734 605 803 quatenus
619 720 764 800 nosipsos
776 718 921 785 discerne-

132 868 136 875 .
151 830 274 885 remus,
289 824 377 888 atque
388 809 430 869 ita
441 805 668 885 seaPelugianis
680 803 918 883 distinguebantt

150 894 278 957 initium
295 905 394 954 tamen
412 889 482 965 fidei
497 908 536 952 ex
549 890 635 951 nobis
649 886 705 950 esse
735 887 918 951 statuebant:

152 988 191 1039 ut
199 978 296 1051 ,dum
306 976 414 1037 veritas
422 992 475 1051 per
487 971 726 1051 praedicationem
738 971 921 1034 auribusno·

152 1059 220 1121 sirie
234 1058 368 1132 insonat,
380 1055 469 1135 possit
479 1055 603 1134 seipsum
619 1053 713 1116 homo·
722 1053 921 1117 determinare

155 1143 196 1205 ad
213 1161 278 1203 earn
290 1140 520 1218 suscipiendam,
535 1141 564 1201 de
576 1139 617 1199 ita
629 1138 735 1199 mereri
747 1138 868 1217 gratiam
878 1136 920 1200 ad

152 1224 277 1287 salutem
290 1221 498 1286 neeessariam.
559 1221 598 1298 S„
610 1220 632 1282 P
642 1217 708 1282 R'o
720 1218 801 1283 SPE
813 1219 861 1294 R,
887 1222 918 1284 &

153 1304 406 1371 HILARIUS
429 1305 570 1384 quidam,
597 1300 678 1364 aliud
708 1303 741 1363 in
762 1301 861 1365 schola
886 1303 918 1366 S.

152 1393 430 1462 decusatur,
452 1408 487 1449 ac
503 1384 791 1463 evangeliisedodbi,
807 1384 919 1449 remad

154 1474 184 1539 S.
199 1475 254 1535 Au
266 1494 286 1535 o
295 1494 317 1535 ιι
327 1491 340 1533 s
352 1490 373 1531 r
384 1493 396 1531 1
408 1490 432 1531 ur
441 1492 461 1533 u
471 1491 495 1531 ιι
508 1468 694 1531 referendam
711 1468 872 1530 duxerunt

202 1606 471 1685 occiditquidem
495 1604 615 1669 utlibet
635 1608 664 1671 S.
676 1594 864 1674 decusatur
878 1609 922 1675 de

154 1690 917 1851 ffiffiznxdffcufflsquaqngisffiffitffipglo

539 1818 550 1848 ,
621 1811 624 1815 Δ
794 1797 825 1839 ·ι
856 1800 872 1842 ε
903 1818 918 1833 ·

152 1858 264 1921 tatibus
280 1854 466 1937 pulsabaptur
477 1855 635 1933 ,secerat‚x
645 1856 804 1923 Marsdiam
822 1862 921 1925 defer.

153 1956 258 2014 tetur,
276 1939 325 2000 sed
347 1958 408 1999 non
424 1937 638 2002 satisfaciebat:
662 1940 826 2010 discrimen,
839 1946 923 2009 inter

152 2024 278 2103 gratiam
305 2019 491 2095 nurui,
515 2025 543 2088 dc
570 2022 753 2085 nostram'in
780 2027 916 2104 prasenti

152 2108 308 2170 diatonon
326 2104 479 2182 placebat:
513 2106 612 2182 quoad
632 2107 918 2184 praedesiinationem
987 2173 988 2178 ,

152 2186 930 2266 autemipsesnueusrruusinltbrisdelibe-

152 2295 188 2336 ro
202 2272 348 2344 arbitrie,
371 2271 528 2348 aliquando
539 2270 623 2332 aliter
637 2271 746 2334 sensisse
762 2273 841 2337 visus
865 2274 918 2338 est.

152 2353 406 2421 HI-LARIUS
430 2357 492 2429 ejus
514 2354 556 2415 rei
579 2355 670 2431 gratia
685 2355 771 2418 binae
781 2357 865 2420 dedit
878 2357 918 2420 ad

153 2436 690 2513 S.·AucusuruunepistolaS,
713 2439 781 2501 διδ.
805 2439 921 2504 Plio»
954 2458 957 2464 ·

154 2524 174 2586 S
186 2522 240 2584 PE
251 2521 278 2581 R
288 2515 463 2581 articulatim
472 2519 523 2596 ipsr
537 2523 679 2598 exponit,
691 2523 761 2599 quid
770 2521 918 2586 sentiant:

151 2606 272 2682 Nempe
284 2623 385 2664 omnes
395 2604 513 2679 quidem
522 2601 657 2665 homines
666 2604 698 2665 in
710 2605 734 2666 ri
746 2625 766 2665 u
774 2624 799 2671 ,n
812 2628 836 2666 n
849 2624 926 2683 pec·

152 2687 253 2761 casse,
276 2706 390 2763 nosque
410 2685 505 2747 salvos
526 2685 608 2748 haud·
626 2685 689 2748 fieri
703 2707 740 2749 eu
756 2687 920 2765 operibus,

151 2771 204 2834 sed
219 2790 272 2847 per
285 2770 405 2846 gratiam
423 2770 651 2846 regenerationis
666 2768 840 2847 spiritualis:
863 2792 922 2833 vo·

150 2854 257 2916 lebant
268 2866 366 2929 autem
375 2853 613 2929 propitiationem
622 2851 767 2931 sanguinis
781 2854 879 2918 CHR
890 2855 924 2918 I-

153 2933 242 3000 sil
258 2935 393 2996 omnibus
407 2933 657 2997 indiscriminatim
680 2935 799 3012 offerri·;
820 2938 921 3000 itaut

152 3018 230 3081 salus
245 3016 304 3078 illis
316 3018 470 3095 obtingat,
488 3019 537 3094 qui
548 3017 637 3079 fidem
650 3019 801 3099 recipere,
822 3022 850 3082 dc
871 3039 920 3082 te·
1016 3042 1021 3067 ι

153 3120 273 3165 currere
298 3101 336 3162 ad
350 3098 523 3179 baptismum
553 3099 714 3164 voluerint„
753 3102 923 3178 Quoad-in.

152 3185 251 3248 santes
270 3197 395 3257 autem,
421 3196 489 3244 ante
512 3182 593 3246 usum
612 3185 733 3247 rationis
753 3185 917 3262 obeuntes,

153 3267 236 3346 apud
245 3286 317 3344 quos
331 3265 528 3342 dispositiones
538 3264 626 3330 nulla
641 3265 707 3330 sunt
724 3265 782 3329 srve
803 3269 841 3329 ad
863 3267 917 3329 bo-

153 3370 248 3424 num,
274 3348 337 3411 five
345 3349 383 3410 ad
393 3347 520 3421 malum,
536 3349 574 3410 ad
593 3351 797 3427 praevifionem
812 3369 918 3413 eorum

151 3432 368 3506 recurrebant,
386 3452 448 3512 quae
460 3431 564 3499 fastmi
576 3431 670 3497 ess'ent
685 3433 786 3496 adulti.
830 3431 915 3496 Idem

152 3516 294 3580 dicebant
304 3515 400 3593 quoad
410 3514 543 3576 nationes
554 3516 701 3594 integrao,
714 3516 817 3595 quibus
827 3536 916 3577 evan-

151 3599 262 3681 gelium
278 3597 485 3661 denunciatum
499 3597 577 3660 haud
586 3599 636 3661 est„
680 3599 786 3676 Quoad
798 3596 926 3663 aduttoe

150 3697 271 3757 autern,
289 3682 340 3760 qui
349 3679 469 3743 salutem
480 3679 558 3744 suam
569 3693 751 3761 operantur,
777 3681 920 3744 obedien.

149 3765 616 3914 tiamhominisptiorefingtatia
624 3762 807 3838 statuebant,
831 3764 926 3832 itaut.

523 3867 544 3935 ς
758 3848 886 3920 turdum
