2475 4450
198 553 330 627 nuru
358 567 628 627 currerunt.
654 567 748 629 sne.
782 571 818 656 v.
859 562 935 628 arr

176 716 256 779 datio
282 726 476 794 acceperant,
501 728 589 794 atque
602 713 832 796 jam-superiore
856 736 936 782 anno

175 800 283 863 Rornae
298 800 456 877 anticipata
477 798 572 861 suerat
582 797 733 863 sententia.
777 800 874 863 Patres
888 822 937 880 ge·

174 882 219 945 sta
240 883 273 944 in
295 882 422 947 concilio
453 882 730 945 Cornrsrruo
750 903 833 963 papae
852 885 937 964 figni.

176 966 290 1043 ficant,
321 986 383 1027 non
398 964 491 1028 solum
511 967 543 1026 in
564 965 647 1028 causa
668 967 762 1031 NES
773 967 934 1043 TORII,

175 1047 842 1125 sedetiamPrrnorr,Crnnsu11,
875 1052 1064 1126 Juffln,

178 1155 198 1193 ι
210 1150 222 1193 1
236 1152 257 1193 a
269 1153 293 1193 u
306 1154 317 1191 1
330 1136 385 1194 &c
409 1151 533 1209 quorum
544 1132 758 1208 damnationis,
782 1133 938 1212 deposrtio-
950 1164 1028 1206 conc,

178 1218 284 1294 nisque
304 1218 387 1289 atta,
409 1214 484 1277 lecta
504 1215 536 1274 in
548 1214 696 1290 concilio,
722 1215 845 1293 probata
859 1217 934 1293 sunt,
945 1244 975 1305 p,
991 1233 1061 1291 6⁶0,

176 1301 264 1377 juxta
282 1319 317 1362 ac
336 1299 462 1360 omniaa
477 1298 612 1360 Romana
621 1296 688 1361 sede
700 1301 781 1378 prius
804 1302 864 1376 jam
874 1303 938 1364 fue·
953 1310 1018 1387 &a

177 1396 246 1445 rant
267 1380 425 1462 praefinita.¹

220 1465 309 1528 Haud
319 1464 409 1527 dubie
416 1462 581 1541 pelagiani,
603 1460 716 1544 semper
727 1465 765 1527 ad
781 1464 940 1529 concilium

177 1560 396 1629 provocantes,
428 1559 515 1624 atque
533 1547 665 1625 undique
687 1547 877 1622 curfitantes,
904 1562 940 1613 ut

176 1632 282 1709 justam
307 1631 525 1692 damnationem
548 1631 734 1709 reciperent,
760 1630 817 1693 sese
840 1633 941 1693 conci.
976 1677 981 1681 .

178 1715 222 1777 lio
241 1713 471 1793 presentabant,
496 1733 563 1775 cum
576 1714 678 1776 frustra
689 1714 800 1776 tamdiu
821 1713 863 1776 sui
873 1730 946 1777 cau·'

178 1796 210 1861 sa
228 1796 331 1859 orbem
340 1796 610 1873 commovendum,
625 1797 699 1859 &in
714 1796 874 1860 concilium
889 1818 939 1860 co-

180 1880 312 1961 gendum
330 1878 503 1958 flagitarent.

222 1962 288 2027 Alia
308 1962 384 2040 gesta
394 1963 426 2023 in
445 1959 591 2037 concilio,
613 1981 653 2025 ex
665 1963 846 2037 canonibuS,
868 1982 942 2043 quo·

180 2067 249 2111 rum
260 2045 311 2107 sex
323 2043 493 2123 supersunt,
519 2046 630 2108 &attis
645 2047 731 2124 ipsrus
748 2044 867 2108 concilii
878 2045 941 2109 col·

178 2132 234 2210 ligi
246 2128 382 2208 possunt,
404 2146 438 2189 ac
451 2126 632 2206 disciplinam
644 2131 742 2207 potius
755 2174 764 2203 ,
789 2147 875 2206 quam
889 2129 942 2190 do·

182 2230 282 2294 gmata
311 2222 512 2286 concernunt,
546 2211 584 2274 de
605 2210 709 2290 quibus
738 2212 942 2275 tractationem

180 2298 332 2362 habemua

380 2375 420 2484 θ.
448 2373 710 2471 Lxxxlll.

194 2490 312 2578 Dum
333 2486 645 2601 tergiversantur
666 2484 877 2574 orientales
898 2493 1059 2572 e-Motus

140 2603 298 2717 piscopi
321 2629 416 2685 cum
437 2602 638 2794 {torono
661 2599 940 2696 Antiochen0,
955 2573 1100 2727 milti

139 2725 187 2810 &
204 2712 364 2800 concilii
379 2714 442 2824 Ep
473 2711 566 2796 esini
590 2706 814 2796 definitioni
829 2738 943 2796 acce·
1007 2799 1009 2804 ,

139 2827 241 2912 dere
265 2823 438 2920 nolunt,
464 2823 634 2908 ecclefiae
659 2821 828 2935 quidem
850 2848 943 2936 pax,

139 2936 320 3052 &quies
336 2935 407 3021 diu
426 2935 611 3032 turbata,
628 2931 743 3019 simul
755 2958 888 3021 tamen
899 2963 944 3019 e-

140 3056 240 3137 tiam
258 3048 494 3160 mysterium
510 3048 794 3135 iucarnationis
815 3048 944 3161 magis

140 3161 391 3277 explicatum
410 3154 502 3245 fuit.

228 3338 304 3402 Tam
322 3351 419 3418 patres
434 3335 552 3400 concilii
570 3333 730 3414 Ephesmi,
753 3355 840 3413 quam
852 3334 947 3396 orien.

183 3422 259 3492 taies
282 3441 350 3483 cum
378 3420 396 3495 J
410 3421 436 3482 Ο
449 3419 582 3481 ANNE
605 3418 810 3493 Antiocheno,
846 3419 946 3495 paucis

184 3505 341 3582 exceptis,
363 3505 412 3580 qui
433 3503 460 3565 se
475 3500 601 3566 concilio
612 3501 776 3575 sociarunt,
791 3503 824 3562 in
842 3499 948 3562 suafir„

184 3591 229 3653 mi
250 3586 414 3664 perstabant
434 3600 541 3647 mente.
596 3584 678 3648 inter
704 3605 775 3662 quos
794 3583 861 3647 ΤΗ
873 3581 895 3644 E
906 3583 947 3644 Ο.

184 3669 455 3742 DORETUS,
484 3669 633 3730 contras.
658 3664 946 3742 erulorum,

174 3758 217 3823 ’ἃ
228 3751 406 3830 concilium,
421 3751 545 3833 scriptis,
559 3750 739 3899 sgmonibue
753 3795 763 3828 ,
778 3753 806 3813 &
820 3766 950 3827 quocun·

380 3863 382 3865 ·
615 3850 636 3902 a
850 3847 910 3911 que
