2475 4450
174 578 295 637 rost
321 573 592 638 urrunnun.
619 574 792 639 snum.
842 575 915 653 245

195 722 370 803 Plerumque
398 723 537 787 hodierni
562 724 697 789 doctores
719 738 821 804 contra
846 725 915 789 BA-

151 806 370 874 RONIUM
390 807 549 871 monachos
567 808 604 871 ab
625 808 852 889 Eutychianilmi
871 808 915 872 su·
937 823 1002 887 Via,
1024 824 1085 888 m·

151 892 285 971 spicione
300 890 434 954 liberant
478 892 579 954 Potius
599 891 738 955 monachi
758 894 913 956 hcoemetau
930 902 981 986 ris,
1001 905 1063 986 hist,

151 978 187 1037 in
205 972 330 1053 Scythas
357 974 550 1037 vehementer
565 976 701 1052 invecti,
723 976 860 1056 negando
880 997 912 1040 u·
932 990 1028 1068 pelag,
1043 992 1079 1051 L.

149 1078 227 1120 num
249 1058 289 1119 de
310 1056 455 1121 Trinitate
477 1060 682 1132 incamatunr,
705 1062 734 1122 ἀ
756 1058 914 1139 carnepas·
930 1076 974 1136 Η,
987 1091 1012 1136 c,
1027 1081 1074 1145 ιε,

152 1137 305 1214 sumeffi,
336 1158 393 1203 nec
409 1140 582 1219 profitendo
599 1141 631 1203 Β.
643 1140 687 1204 Μ.
702 1142 737 1203 V.
768 1159 858 1219 vere,
884 1144 913 1206 ἃ
934 1155 1002 1233 &a

153 1223 276 1303 proprie
293 1221 381 1285 DEl
406 1225 603 1301 genitricem,
634 1222 663 1285 sc
684 1224 827 1304 suspectos
849 1225 916 1289 red-

155 1307 316 1379 diderunt,
348 1304 385 1367 ab
408 1306 470 1383 ipso
490 1301 810 1379 JusTItttnNo
835 1308 916 1388 aputl

152 1388 326 1453 Romanum·
338 1389 510 1466 pontificem
529 1388 662 1451 accusati.
973 1393 976 1398 '

195 1505 296 1582 majus
306 1507 459 1583 negotium
469 1504 595 1569 ecclefiae
608 1502 788 1586 Eutychiani
796 1504 858 1572 hoc
867 1508 916 1573 sae·

154 1588 226 1653 culo
255 1588 422 1663 faciebant,
454 1603 488 1652 ut
506 1591 566 1665 jam
588 1601 674 1652 antea
701 1589 854 1666 diximus,
885 1596 915 1657 &

154 1690 260 1735 eorum
272 1691 385 1734 errores
408 1674 484 1735 inter
508 1672 665 1751 superioris
679 1670 774 1737 saeculi
795 1673 919 1739 haerelet

153 1753 353 1833 exposuimus.
403 1755 493 1819 Nunc
523 1769 622 1819 autem
652 1759 916 1822 commemoranda,

151 1838 221 1901 sunt
237 1837 340 1914 set'tae,
369 1858 433 1917 que
452 1840 530 1901 inter
554 1859 605 1902 eos
626 1838 687 1903 hoc
703 1838 816 1905 leculo·
827 1861 917 1905 cnor-

151 1935 192 1984 tae
211 1940 291 1982 nova
313 1922 437 1983 nomina·
454 1921 520 1985 sunt
540 1925 640 1985 nactae.

197 2030 351 2093 Severiani
381 2030 448 2094 sunt
476 2031 546 2095 dicti
572 2030 830 2109 aSEllERO,
865 2032 917 2110 qui

151 2112 224 2176 sede
237 2112 420 2175 Antiocheno
432 2129 598 2193 occupata,
614 2116 802 2195 Eutychianae
817 2114 917 2177 haeresr

152 2216 236 2259 nova
245 2197 425 2261 incrementa
435 2198 539 2274 dedit3
559 2194 917 2279 potentiaANASTh·

153 2281 225 2343 Sll
243 2279 432 2357 sustentatur,
453 2280 541 2344 millis
563 2283 694 2361 undique
719 2281 865 2362 synodicis
876 2281 915 2345 ad

154 2365 358 2426 damnandum
387 2363 544 2428 concilium
570 2362 828 2441 chalcedonense,
853 2385 917 2428 eos-

156 2466 235 2524 que,
260 2447 310 2524 qui
328 2447 400 2509 duas
414 2450 444 2509 in
463 2445 617 2512 CHRIS
630 2447 696 2512 TO
715 2462 831 2511 naturas
847 2467 916 2512 cum

156 2530 215 2592 luis
231 2531 456 2608 proprietatibus
469 2531 671 2608 agnoscebant.
716 2528 744 2594 ls
757 2531 854 2610 postea
863 2529 917 2595 sub

155 2613 448 2689 juscuurnuo
472 2616 508 2677 ab
528 2614 776 2678 ΙΑΟΑΡΕΤΟ
799 2614 917 2695 pontifi·

153 2716 193 2759 ce
214 2695 379 2773 depositus,
401 2698 539 2775 quamdiu
555 2699 653 2772 vixit,
666 2698 790 2760 delituit.
835 2699 916 2762 Inter
1050 2776 1052 2781 ,

153 2782 221 2841 atta
231 2778 423 2840 conciliorum
432 2780 553 2843 habetur
564 2780 687 2844 celebris
697 2780 818 2845 collatio
830 2782 918 2861 Cpoll

154 2881 225 2926 cum
248 2862 409 2924 Severianin
436 2862 553 2937 habita,
587 2867 618 2925 in
639 2885 695 2942 qua
714 2860 754 2928 ad
775 2865 916 2944 angustias
933 2873 996 2940 Ata·
1014 2871 1091 2952 5335-

155 2944 323 3008 valdesunt
336 2947 466 3021 redacti,
481 2945 659 3010 dumEUT
670 2946 696 3010 Y
706 2945 838 3012 CHEN
855 2949 919 3027 qui-

156 3030 227 3090 dem
243 3028 441 3103 damnabant,
465 3028 778 3094 DlOSCORUlll
799 3045 915 3108 autem,
940 3040 977 3101 Τ.
998 3041 1055 3101 IV.

155 3113 207 3191 qui
220 3111 277 3172 Eu
288 3129 309 3170 u
322 3132 342 3173 r
356 3131 375 3173 c
387 3131 407 3172 u
420 3133 437 3174 u
448 3131 471 3172 u
495 3112 664 3176 hereticum
672 3114 856 3191 justificavit,
873 3135 918 3177 re·
934 3134 1053 3196 corrup.

156 3193 314 3272 cipiebant.
370 3193 542 3274 Plerumque
568 3195 627 3260 hoc
650 3195 753 3260 saeculo
784 3197 1030 3282 Eunu-1754,

155 3274 461 3339 cflrmdelerebant
481 3277 745 3342 Drosconun
767 3279 857 3342 secuti
876 3281 913 3342 A·

156 3357 274 3438 cephali
298 3358 346 3421 leu
368 3360 584 3439 Monophyhtae
608 3361 708 3437 diui,
746 3362 784 3425 de
812 3363 916 3441 quibus
934 3369 1003 3433 Lib,
1023 3369 1048 3432 l
1072 3373 1102 3428 a

155 3441 427 3507 FACUNDUS
456 3444 567 3505 dillerit
585 3445 617 3507 in
642 3445 809 3511 desensrone
828 3447 917 3509 trium
937 3471 965 3517 2.
977 3453 1058 3529 apud

155 3523 362 3604 capitulorum.
417 3526 562 3589 Dicuntur
604 3525 694 3592 etiam
734 3527 874 3603 Jacobitae
898 3538 1019 3600 aSirm.
1039 3533 1077 3594 T.

153 3609 240 3686 Jnc
254 3607 353 3671 OBO
367 3610 495 3687 quodam
514 3610 682 3688 monacho,
706 3613 756 3688 qui
768 3611 813 3674 aS
826 3632 872 3673 nv
885 3633 916 3675 n·
933 3621 974 3684 11.
988 3633 1015 3698 p.
1027 3616 1102 3694 4055

155 3713 205 3754 ιο
224 3689 334 3753 Edellae
355 3691 507 3771 episcopus
526 3705 663 3770 creamus,
691 3714 758 3757 curn
771 3692 808 3757 ab
823 3695 918 3758 eccle.

154 3775 193 3843 lla
208 3774 261 3840 illa
271 3774 456 3855 imperatoris
470 3778 641 3842 auctoritate
650 3774 818 3860 pelleretur,
831 3778 918 3844 undi.

475 3858 542 3942 Qr
822 3880 884 3944 ue
