2475 4450
186 515 301 620 roua
321 558 682 624 cantatum-sne..
704 562 767 620 v1.
806 562 920 636 *249
988 493 998 518 ἱ
1034 522 1040 528 ’

150 706 242 771 salvis
263 705 413 786 personis,
436 728 500 788 qua
512 706 721 772 absolutionem
736 709 768 770 in
790 707 918 772 concilio

150 791 388 855 Chalcedonenfi
411 796 585 855 meruerant

203 875 288 937 Patet
309 874 380 935 hinc
400 874 476 935 nihil
487 874 588 949 fiune,
607 895 666 954 quo
677 873 920 940 Chalcedonensis

151 956 279 1022 concilii
290 959 456 1047 andhaitan
479 958 641 1022 admodum
652 959 815 1023 timendum
836 958 919 1036 esset,

155 1041 367 1109 tantummodo
389 1040 414 1100 V
427 1060 439 1100 1
452 1062 472 1103 a
484 1062 495 1101 1
508 1063 527 1102 ι
540 1061 551 1100 1
562 1058 584 1103 u
595 1064 620 1104 n
650 1041 817 1105 scandalum
840 1044 921 1105 occi.

153 1122 368 1189 dentaliumac
378 1122 519 1199 schisma,
534 1125 614 1201 quod
635 1126 791 1203 praevidit,
813 1131 919 1191 retine-

155 1208 232 1283 bat,
260 1205 435 1270 utconcilio
448 1227 513 1268 non
522 1208 685 1271 accederet
728 1209 772 1271 Eo
796 1209 921 1273 durante

155 1290 921 1454 {anianensemhalsegath

159 1460 355 1532 damnantes,
376 1460 404 1519 ἃ
424 1456 704 1520 anathematizantes
727 1457 878 1519 Tneon
891 1479 923 1521 o-

160 1562 254 1605 tuu
278 1587 288 1616 ‚
321 1546 404 1622 qui,
447 1539 513 1603 sunt
553 1538 614 1619 ipsa
651 1538 770 1603 concilii
806 1540 919 1618 verba,

161 1621 343 1706 Mopsuestia
354 1619 494 1703 episcopus
507 1622 594 1702 suit,
612 1623 652 1699 fid
663 1628 754 1701 impia
776 1628 837 1703 ejus
857 1645 924 1687 con·
943 1621 981 1684 T.
997 1624 1030 1684 V.
1044 1628 1074 1685 C.

153 1706 281 1790 scripta,
295 1709 501 1788 &quaeimpie
521 1710 593 1770 ΓΗ
600 1710 928 1773 EODORETUS
936 1718 967 1781 Ρ.
982 1710 1048 1781 567.

165 1804 273 1853 contra
291 1789 518 1870 redamfidem,
535 1790 575 1866 ἓξ
590 1804 696 1852 contra
707 1794 859 1852 duodecim
879 1811 927 1853 ca·

158 1877 299 1953 piacla&
315 1876 561 1949 cYRILLI,
584 1874 741 1948 &corma
755 1872 924 1952 Ephestnam

159 1964 292 2038 primam
307 1954 477 2037 ⁷fetandum,
509 1957 548 2031 sd
569 1978 633 2037 quae
662 1960 701 2018 ad
739 1955 925 2035 defensionem

168 2042 476 2113 THEODORI,
498 2040 537 2114 ἐς)
559 2041 824 2104 NESTORII
844 2044 926 2103 abeo

155 2122 273 2207 scripta
286 2120 372 2204 sunt.
426 2127 517 2199 Super
538 2122 597 2204 Μ
615 2126 738 2200 impiam
759 2121 921 2202 epistolam,

166 2229 258 2290 quam
292 2209 405 2269 dicitur
439 2210 459 2269 I
468 2206 568 2269 ΒΑΚ
598 2208 640 2266 ad
673 2207 786 2269 Marin
814 2208 879 2269 PE
886 2209 928 2269 R·

164 2298 186 2357 S
193 2293 226 2357 A
236 2291 285 2356 Μ
281 2284 427 2372 fcriffiffi.
471 2285 701 2366 licceshtpostea
711 2287 799 2348 etiam
809 2287 836 2347 V
847 2309 858 2348 1
870 2308 890 2348 a
903 2308 930 2347 1·

168 2397 187 2435 n
199 2396 210 2434 1
223 2394 246 2433 u
258 2393 272 2434 s
285 2418 295 2449 ,
317 2377 344 2435 dc
358 2371 598 2434 constitutionem
619 2383 722 2432 contra
733 2371 789 2430 tria
801 2369 929 2448 capitula

167 2457 275 2530 dedit,
290 2476 377 2533 qaam
397 2473 490 2531 nuper
504 2454 559 2515 ΒΑ
572 2452 596 2516 L
608 2453 637 2514 U
649 2451 700 2514 ΖΙ
710 2452 767 2514 US
788 2454 820 2512 in
832 2451 928 2517 lucem
949 2471 988 2532 T,
1000 2487 1081 2533 canc,

168 2539 273 2602 edidit
318 2537 403 2600 Idem
411 2535 618 2615 postthllB
631 2536 688 2598 EC
699 2535 748 2597 lU
759 2534 794 2597 M
806 2537 929 2615 quinde-
939 2569 970 2631 p,
988 2571 1075 2630 1552,

167 2625 228 2686 cim
240 2620 494 2683 anathematismos
510 2633 613 2681 contra
631 2618 810 2696 Origenistas
827 2633 929 2697 pratu.
1000 2642 1002 2645 ·

166 2707 224 2781 lit,
236 2704 328 2782 quiin
340 2701 536 2766 hocconcilio
549 2703 680 2764 damnati
701 2702 841 2764 feruntur.

216 2788 303 2864 Quos
313 2802 409 2849 motus
429 2833 438 2861 ,
467 2788 495 2846 ἃ
508 2806 594 2863 qnam
618 2785 788 2848 diuturnum
809 2785 931 2850 schifina

167 2873 229 2935 hoc
253 2870 413 2932 concilium
424 2871 455 2930 in
475 2869 630 2930 occidente
653 2868 716 2946 post
735 2867 767 2928 se·
783 2867 935 2947 reliquerit

167 2959 184 3034 (
197 2973 267 3016 nam
276 2955 308 3015 in
319 2955 434 3014 oriente
445 2950 538 3012 statim
549 2951 589 3012 eil
598 2966 748 3028 receptum
758 2951 772 3027 )
781 2953 840 3027 jam
853 2953 935 3014 dixi-

167 3058 245 3101 mua
290 3036 430 3114 Aquileiae
442 3033 601 3098 concilium
613 3035 669 3095 fuit
683 3033 816 3096 habitum
828 3050 935 3098 contra

168 3119 266 3194 illud,
281 3139 316 3181 ac
326 3118 445 3180 schisma
456 3116 532 3179 ultra
551 3130 669 3179 centum
683 3137 775 3179 annos
796 3118 934 3193 duravit,

170 3205 210 3268 ad
221 3203 302 3281 quod
316 3201 481 3264 tollendum
492 3200 594 3261 Romu
612 3220 659 3261 an.
684 3221 749 3277 590.
774 3200 933 3264 concilium
1060 3207 1063 3212 ’

169 3287 307 3351 habitum
318 3285 374 3348 fuit
390 3305 399 3359 3
424 3285 522 3344 donec
537 3282 657 3345 tandem
668 3283 815 3357 constitit,
830 3298 934 3346 contra

170 3369 334 3434 concilium
356 3365 615 3438 Chalcedonense,
642 3385 706 3443 qnae
725 3367 758 3425 in
777 3366 936 3445 cpolitano

171 3454 233 3522 hoc
253 3451 463 3519 fecundanda
482 3449 568 3528 sunt,
579 3447 658 3512 nihil
666 3449 776 3513 facete.

500 3842 571 3928 aa
708 3773 915 3930 §.xcvi
