2475 4450
150 513 273 585 rosa
301 489 801 587 cur1sruul.snc.xau.
830 523 922 610 353„

108 669 176 757 las.
226 671 376 784 Qrales
409 675 528 757 etiam
554 672 595 756 in
619 669 704 758 aliis
727 672 906 761 conciliis
1002 698 1007 712 ·

108 786 417 898 particularibus
434 785 525 871 l'unt
541 784 724 871 trablarae.

191 965 216 1025 A
239 983 296 1042 quo
322 976 454 1040 tempore
469 961 610 1029 indiarum
626 964 666 1025 est
679 962 837 1027 concilium
860 980 910 1042 ge·

148 1045 250 1109 nerale
271 1045 434 1108 viennense
452 1066 468 1108 a
481 1048 537 1109 CL
548 1049 571 1111 E
581 1050 616 1111 M
626 1047 649 1107 E
660 1047 686 1107 N
700 1046 758 1108 TE
781 1047 815 1108 V.
828 1066 907 1108 anno

152 1149 241 1208 ¹307·
261 1130 349 1206 usque
361 1130 398 1190 ad
408 1148 516 1191 annum
533 1151 619 1208 1311.
644 1149 701 1206 quo
724 1128 852 1191 calendis
867 1129 909 1191 Ο-

150 1212 259 1276 ἂοϋῐίε
284 1214 401 1274 demum
424 1212 594 1276 inchoatum
609 1212 667 1286 est,
701 1212 848 1274 Ravenna
864 1212 911 1274 bis

149 1296 335 1374 provinciale
370 1295 529 1359 concilium
562 1296 617 1358 fuit
642 1309 849 1372 congregatum
877 1296 911 1354 in

151 1378 388 1455 Templariorum
404 1378 502 1439 causa:
529 1380 610 1454 quod
636 1377 722 1438 e'tiam
751 1377 910 1453 salisburgi

149 1464 212 1538 jam
229 1461 375 1538 superiore
387 1460 490 1522 saeculo
512 1462 569 1523 fuit
585 1462 716 1523 fastum:
740 1464 768 1520 (a
782 1460 913 1536 mogun.

151 1547 201 1605 tiae
222 1559 399 1621 congregato
416 1543 542 1605 concilio
560 1544 768 1621 praesentarunt
779 1537 808 1603 se
821 1542 912 1603 Tem.

151 1626 240 1706 plarii
263 1642 372 1689 armata
395 1647 504 1700 manu,
532 1640 619 1705 atque
642 1624 754 1688 causam
775 1624 854 1686 suam
870 1626 913 1687 ita

152 1724 296 1788 egerunt,
320 1724 353 1771 ut
376 1709 450 1770 nihil
471 1723 632 1772 contraeas
656 1723 726 1771 tuuc
742 1706 914 1769 decernere-

152 1806 220 1855 tur:
244 1792 324 1856 secus
343 1793 441 1869 postea
456 1794 563 1854 larium
587 1795 619 1854 in
641 1790 768 1855 concilio
784 1788 915 1867 generali

153 1875 223 1940 XV.
242 1871 471 1954 conspirantibus
485 1875 619 1938 adversus
642 1896 695 1937 eos
707 1874 868 1952 pontifice,
885 1875 915 1935 &

154 1978 226 2036 rege
246 1957 416 2033 Gallorum,
439 1958 637 2037 sententiaque
648 1957 726 2032 lata,
749 1959 822 2018 ordo
833 1957 918 2034 peni-

155 2057 206 2105 tus
219 2041 258 2103 est
269 2044 435 2104 extinrius:
460 2046 582 2117 Propter
601 2041 789 2122 magistram,
806 2036 932 2115 &fra

156 2141 238 2200 trer,
258 2126 298 2185 ita
313 2124 402 2185 babet
422 2123 569 2201 pontificis
589 2123 750 2196 sententia,
768 2120 855 2202 sacro
868 2139 919 2197 ap-

153 2212 298 2291 probante
320 2210 459 2282 concilia,
496 2220 668 2288 caterasque
687 2203 821 2286 personas
844 2203 918 2266 dini

158 2295 274 2356 ordinis
295 2295 328 2351 in
344 2295 518 2372 quibuslibet
547 2295 654 2351 mundi
671 2294 808 2368 partibas
830 2285 919 2365 confi,

149 2376 262 2460 ssenrer
286 2379 380 2434 uariis
405 2376 443 2448 Ea?
463 2373 581 2451 diverstr
614 2386 759 2434 nontam
782 2369 920 2448 nefandis

160 2479 253 2542 quam
265 2456 397 2534 ian'andir
409 2501 418 2531 ,
431 2459 505 2533 proh
517 2459 598 2518 dolor
609 2461 622 2518 !
643 2477 775 2517 errorum
787 2499 802 2528 ‚.
817 2447 921 2532 &sce-

161 2547 257 2605 lerum
272 2536 523 2620 olffcanitatilrns²
541 2543 764 2617 pravitatibus,
785 2538 921 2612 maculis,

163 2626 205 2700 fic?
220 2627 282 2685 lale
296 2620 432 2706 resperfin.

206 2707 252 2769 Ex
278 2704 460 2768 Clementina
483 2727 508 2767 1.
530 2705 640 2784 deside
670 2705 812 2767 catholica
842 2698 927 2762 disci.

164 2808 232 2854 mus
247 2833 257 2864 ‚
282 2788 391 2849 ibidem
407 2788 462 2850 elle
484 2789 636 2850 damnatos
656 2806 767 2850 errores
790 2798 849 2847 tres
862 2784 882 2845 P
895 2804 927 2845 r-

166 2885 246 2936 'aar
277 2870 475 2954 Jonunrs
497 2870 642 2934 OLlVl
668 2869 834 2932 Minoritae:
868 2867 927 2944 pri.

167 2973 270 3028 nrum,
288 2974 345 3031 quo
361 2953 495 3027 afferuit,
521 2951 743 3016 CHRISTI
765 2950 862 3014 adhuc
886 2950 930 3011 vi·

166 3039 266 3102 ventis
285 3037 360 3098 latus
383 3035 484 3099 lancea
501 3036 769 3113 perfollumfuille:
794 3033 930 3105 alterum,

167 3142 230 3201 quo
247 3121 372 3181 animam
397 3117 569 3180 rationalem
592 3119 719 3180 formam
745 3116 800 3179 effe
826 3133 933 3191 corpo-

168 3208 210 3268 ris
223 3202 367 3283 inficiatus
381 3201 438 3262 est:
462 3201 600 3272 tertium,
613 3221 672 3280 quo
681 3200 797 3262 habitus
809 3198 888 3272 fidei,
904 3198 933 3260 &

167 3289 315 3354 virtutum
333 3283 461 3363 parvulis
482 3283 600 3345 infundi
620 3285 748 3362 negavit.

213 3394 433 3472 Beguardorum
443 3436 452 3463 ,
464 3390 697 3466 &Beguinarum
710 3404 822 3449 errores
832 3385 863 3444 in
875 3376 935 3444 hoc
970 3400 974 3409 “

174 3467 304 3544 concilio
327 3478 479 3538 damnatos
493 3494 510 3535 a
529 3473 552 3534 C
564 3492 608 3532 rr
620 3495 644 3533 rr
656 3492 672 3532 r
683 3491 707 3530 u
719 3489 768 3530 rr
790 3467 825 3529 V.
852 3465 936 3527 disci·

153 3538 241 3627 'mus
264 3579 301 3621 ex
326 3557 456 3637 capitulo
480 3558 533 3620 Aa
547 3553 683 3635 nostram.
717 3559 764 3617 De
784 3552 933 3622 hareticir.

174 3646 288 3711 Primus
313 3654 393 3714 erat,
417 3640 496 3718 quod
510 3638 601 3699 homo
632 3635 731 3698 inhac
748 3634 810 3698 vita
822 3645 938 3694 tantum

175 3749 213 3797 aa
224 3725 315 3810 talem
331 3723 520 3807 perfectionis
533 3722 656 3873 graiium
667 3716 756 3801 pollit
776 3715 936 3861 acquiretre,

860 3817 882 3865 u
1011 3824 1015 3831 .
