2475 4450
280 413 367 492 -414
446 408 509 466 ‘ur
551 395 828 464 ‘uocrnrur'
857 403 970 466 'ruta

301 550 442 632 -dicos,
477 573 541 616 non
564 551 738 616 attentendo
765 550 933 616 discrimen
968 551 1099 634 punimu-

334 642 384 702 tiae
407 638 558 783 {radiemur
589 635 712 716 privatae
736 655 754 699 a
777 637 876 700 veteri
904 649 1041 701 externo
1055 641 1098 701 tri·

336 722 417 786 buna
431 723 449 788 ’.

304 835 309 844 ·
379 798 711 878 ¹A'ltera‘controaerfia‚
733 819 803 880 ¹qua
825 802 965 881 quietem
985 802 1100 868 ecclelia

308 923 311 930 ·
338 887 469 952 turbavit
491 887 550 949 hoc
575 884 705 960 saeculo,
742 885 928 963 Quietismus
951 887 1015 962 est,
1044 887 1102 949 alter

304 979 313 1016 -'·
340 968 629 1044 craffiorMolinosr,
648 967 723 1030 alter
737 967 876 1031 subtilior
896 969 1103 1033 FENELO·

340 1053 395 1117 NI
407 1052 431 1115 1.
472 1050 617 1115 Priorilie
627 1049 869 1127 vetera-deliria,
887 1055 918 1115 ἃ
932 1073 1040 1132 pravas
1049 1073 1103 1115 con·

341 1136 507 1199 secutiones
521 1151 560 1196 ex
576 1135 666 1196 status
677 1134 787 1195 interni
804 1134 905 1197 studio
920 1134 1007 1212 solo,
1023 1148 1104 1198 exter·

343 1239 384 1281 no
406 1219 565 1297 neglectu,
589 1216 755 1279 suscitavit:
792 1216 864 1279 dum
884 1217 1045 1281 hominem
1065 1238 1102 1281 er·

344 1315 463 1365 ternum
477 1301 575 1363 trunti
584 1299 696 1374 instar,
713 1319 754 1361 ³ac
766 1299 865 1376 statuat
874 1300 1056 1376 statuendo,
1068 1323 1105 1364 cu·

340 1405 465 1463 samque
481 1398 636 1447 externam
650 1401 769 1444 omnem
788 1382 975 1461 deponendo
1001 1386 1105 1463 corpori

345 1468 429 1530 frena
445 1468 554 1530 laxavit
573 1469 606 1528 in
626 1466 735 1544 quaevis
752 1463 871 1528 scelera.
921 1467 1009 1531 Alter
1032 1468 1107 1530 subti-

330 1551 404 1614 'lior
423 1553 535 1629 optimo
551 1549 671 1626 quidem
689 1547 752 1610 -fiue
767 1547 892 1611 unionis
904 1571 984 1613 oum
1004 1550 1106 1623 uto,

341 1634 627 1712 contemplationis,
647 1645 734 1709 atque
755 1633 862 1694 amoris
874 1633 1052 1711 purissimi,
1075 1635 1110 1693 ni-

341 1716 440 1778 ·mium
454 1730 558 1777 tamen
569 1712 725 1793 processu:
750 1713 822 1778 dum
833 1714 913 1777 nihil
924 1729 1044 1781 attento
1055 1737 1109 1780 cor-

348 1813 443 1879 pure,
460 1800 497 1859 -in
510 1817 568 1876 quo
581 1799 799 1877 peregrinamur
820 1797 1009 1875 aDomino‚
1024 1799 1109 1862 inhac

312 1911 315 1916 ·
349 1881 526 1944 miseriarum
543 1879 646 1956 valle,
669 1892 750 1942 totos
773 1899 828 1942 nos
847 1879 978 1958 ΒΕΟ,
998 1904 1042 1946 -ac
1062 1903 1111 1945 coe·

315 2003 320 2016 ·
350 1964 468 2028 lestibus
491 1964 630 2042 affigere,
653 1982 688 2025 ac
702 1974 836 2025 naturam
857 1963 998 2028 nostram
1013 1983 1111 2029 exuere
1149 1943 1154 1992 Ι

343 2047 460 2129 uoluit,
477 2046 672 2109 deletiatione
687 2046 775 2108 etiam
785 2045 836 2110 illa
844 2049 1002 2124 privando
1014 2094 1025 2124 ,
1036 2067 1111 2128 quam
1148 2083 1153 2094 ·

350 2130 501 2193 haurimus
519 2129 615 2191 DEU
628 2127 662 2191 M
678 2129 804 2191 amando
820 2143 964 2208 tanquam
979 2131 1111 2195 summum
1147 2139 1150 2144 '

353 2215 485 2290 bonum,
509 2213 588 2291 quod
602 2210 630 2274 se
645 2211 736 2275 nobis
758 2212 912 2290 praestituit
940 2214 1035 2278 finem
1056 2213 1112 2277 ulti-

354 2319 436 2360 mum
449 2344 458 2372 ‚
472 2318 513 2360 -ac
522 2295 827 2358 i'elicitatemnostram
840 2316 848 2358 :
866 2318 944 2374 >quaa
957 2298 1111 2361 considera·

354 2384 399 2443 tio
412 2382 447 2442 ab
469 2400 568 2442 amore
591 2378 684 2440 abeffe
703 2381 834 2457 nequit,
854 2379 879 2439 'sr
897 2380 1010 2444 debeat
1024 2381 1112 2442 distin·

356 2467 405 2541 gui
421 2465 456 2525 ab
470 2460 682 2535 admiratione,
702 2480 867 2541 :magnaque
885 2462 1060 2527 -solumsme
1075 2462 1113 2526 ef·

358 2549 437 2609 feciu
457 2548 494 2608 de
504 2546 600 2624 aliquo
614 2545 764 2631 opinione.

392 2678 578 2758 ‘Quietismus
605 2674 719 2745 multos
745 2696 874 2758 ‘magnos
894 2678 984 2745 uiros
1000 2677 1113 2759 'decepit

359 2786 421 2828 non
441 2766 538 2828 solum
560 2785 647 2842 quem
676 2764 998 2839 Funuuourus,
1035 2765 1116 2827 Guio-

360 2852 415 2912 niae
431 2849 628 2910 defensionem
638 2847 805 2925 suscipiens,
816 2845 962 2924 protulit,
978 2847 1027 2909 sed
1037 2847 1071 2910 M
1081 2848 1116 2909 0-

360 2933 445 2997 L-IN
458 2932 537 2994 Ost
561 2933 661 3005 etiam,
677 2931 772 3008 specie
784 2929 997 3007 perfeciionis,
1021 2934 1050 2993 dc
1063 2931 1118 3008 pie

362 3017 430 3085 tatis
453 3013 624 3092 ungulatis,
647 3015 704 3091 ·qui
719 3014 750 3073 in
777 3032 894 3074 earcere
918 3014 1000 3075 diem
1026 3011 1118 3075 claustt

362 3100 505 3160 damnatis
517 3097 671 3160 erroribus.
689 3093 798 3158 ¹rittulit
806 3114 936 3157 errorem
945 3095 1028 3159 suum
1040 3096 1075 3158 M
1084 3096 1119 3157 O·

362 3181 387 3245 L
399 3181 449 3242 IN
464 3182 523 3243 OS
540 3199 583 3241 ex
599 3179 736 3257 Hispania
748 3198 765 3239 a
777 3177 855 3239 secta
874 3178 1010 3241 Fratrum
1019 3177 1119 3240 illumi·

362 3278 518 3338 natorum,
542 3282 608 3340 quae
624 3259 798 3325 hocsaeculo
813 3260 875 3323 illic
887 3261 1007 3324 deteda
1028 3261 1065 3323 ab
1081 3262 1120 3342 in-

361 3345 616 3424 quifitoribusest‚
637 3363 782 3423 quamque
801 3343 899 3408 adhuc
920 3341 1119 3427 occultegras·
1156 3348 1158 3373 ¹

247 3478 257 3498 .
362 3428 499 3502 sari-DsJ
511 3427 650 3491 ovE0T
670 3426 831 3488 inhistoria
842 3425 1022 3504 religionum
1034 3428 1120 3491 totiu

361 3513 465 3575 mundi
476 3511 559 3586 dicat,
573 3509 719 3588 refertque
728 3529 830 3572 eorum
840 3518 957 3572 errore's
968 3530 1040 3573 cum
1049 3506 1120 3573 Mes·
1155 3472 1159 3579 Ι

361 3594 557 3671 sasimorum,
589 3593 807 3674 Beguardorum
832 3591 944 3658 deliriis
969 3595 1002 3654 in
1026 3591 1120 3654 multia
1156 3602 1159 3645 t

974 3695 1084 3740 conve·
