2475 4450
246 532 249 538 ’
284 549 336 619 66
466 557 523 614 oe
545 556 804 619 ‚noerrrrnt
830 556 919 617 rte

267 682 277 709 ³
376 700 1011 784 Hocprimuminmagistrosuoclels

325 786 393 854 suot
407 788 530 866 apostoli
540 791 677 867 experti,
703 803 790 866 atque
815 808 918 851 revera
939 801 1020 849 exter

326 871 494 949 magistrum
515 870 722 947 deseruerunt,
744 891 820 934 unus
842 873 932 933 etiarn
946 872 1020 933 Inter

327 954 441 1035 primus
456 974 491 1017 ac
503 957 667 1033 praecipuus
686 973 753 1017 eunr
763 968 807 1015 ter
818 955 962 1031 negavit:
990 972 1020 1032 pr

328 1052 429 1102 autem
439 1033 557 1113 subito,
579 1057 643 1116 quae
652 1039 685 1098 in
699 1036 833 1115 magistro
853 1052 942 1099 antea
959 1039 1021 1116 peri

327 1120 406 1184 ferre
424 1140 487 1183 non
505 1133 662 1199 poterant,
695 1120 747 1198 ipsi
778 1121 915 1182 adierunt
936 1123 1020 1198 intre]

328 1203 395 1283 post
414 1218 540 1266 mortem
561 1203 641 1266 illius
672 1201 988 1265 contumeliosissimam
1015 1226 1020 1263 .·,

205 1296 207 1304 “
328 1285 441 1361 liores,
467 1287 667 1365 fortioresque
687 1306 775 1365 quarn
787 1298 880 1347 antea.
917 1286 1010 1363 Quod

329 1368 588 1445 homimem,
622 1369 676 1431 niIr
702 1368 871 1432 resurreetio
900 1369 1020 1446 magistr:

329 1472 401 1516 vera
425 1453 612 1532 contigiIIet,
629 1472 813 1531 novamque,
837 1462 871 1513 ae
885 1452 1020 1514 certam(

328 1534 496 1611 injecisset?
523 1536 599 1599 -'Nisr
620 1536 845 1599 virtutedivina
873 1535 1020 1609 roborati

329 1619 547 1697 flanonatique,
580 1639 619 1681 an
644 1618 832 1681 cucurriffent
853 1618 985 1695 undique
1003 1630 1020 1679 tr

330 1723 418 1778 rum,
443 1701 555 1765 summo
577 1701 663 1776 zelo,
702 1701 804 1779 spretis
820 1700 957 1762 omnibus
978 1720 1020 1779 pet

329 1784 387 1859 lis,
405 1782 634 1862 vitaepraesentis
657 1784 845 1845 commodis?
899 1783 959 1846 Nisr
989 1803 1020 1845 re

331 1869 444 1930 donum
462 1865 627 1944 linguarum
639 1866 837 1945 accepiffent2
852 1866 1003 1944 quomodo

331 1949 412 2012 tibus
444 1948 625 2012 diversarum
646 1948 811 2027 liuguarum
842 1949 978 2011 homines
1000 1951 1020 2011 ir

330 2032 383 2094 riti
401 2031 559 2111 praedicare
579 2032 762 2111 potuissent?
824 2032 984 2109 Quomodo
1009 2052 1020 2093 r

331 2114 403 2177 dum
424 2135 544 2177 ornnem
556 2117 589 2176 in
610 2114 674 2178 suas
690 2129 787 2194 partes
797 2114 912 2177 trahere
927 2114 1011 2177 nulla

107 2208 111 2216 “
201 2248 206 2253 .
330 2197 419 2262 sentis
439 2201 507 2263 vitae
530 2198 680 2275 utilitate,
715 2201 775 2260 imo
799 2199 905 2261 iisdem
927 2200 1020 2262 incon

330 2282 401 2358 dis,
428 2303 462 2345 ac
482 2283 623 2362 periculis
647 2282 794 2361 praesentis
812 2285 899 2355 vitre,
934 2302 999 2359 quae

328 2367 374 2428 ire
393 2385 493 2429 coram
523 2367 672 2444 magistros
693 2365 759 2427 suos
790 2364 958 2427 cernebant.
1012 2365 1020 2427 I

328 2450 460 2526 undique
481 2449 576 2511 hostes
602 2448 668 2510 suos
689 2447 830 2523 Judaeos,
854 2448 904 2525 qui
924 2448 1020 2526 magifl

331 2530 484 2597 CHRIS
495 2529 605 2592 TUM
623 2532 713 2592 morti
723 2532 917 2606 addixerant,
929 2528 1020 2593 habei

330 2612 482 2690 quomodo
501 2614 559 2673 toti
591 2614 703 2675 rnundo
736 2635 782 2676 rer
815 2612 898 2675 falsas
931 2615 1020 2691 potui

329 2693 529 2771 persuadere?
565 2695 650 2758 Mors
674 2695 887 2759 CHRISTI
910 2710 973 2758 erat
997 2717 1021 2757 o:

330 2776 385 2839 bus
410 2792 502 2850 nota,
538 2780 566 2840 &
599 2777 746 2857 sepultura
769 2781 903 2856 cognita:
939 2778 1020 2842 resur

331 2858 451 2936 quidem
476 2859 733 2925 CHRISTUS
767 2861 864 2941 palam
893 2862 1003 2936 Judaeis

331 2944 502 3020 apparuita
522 2957 553 3006 at
573 2945 698 3022 apostoli
724 2944 963 3008 resurrectionem
995 2965 1020 3025 pr

326 3024 547 3104 praedicarunt,
566 3046 650 3090 neca
666 3029 684 3104 J
686 3030 775 3091 udaeis
788 3028 849 3090 falfi
862 3029 992 3090 convidti
1005 3028 1020 3090 i

330 3128 399 3171 curn
415 3107 599 3186 sepulchrum
616 3131 707 3189 penes
726 3111 754 3173 se
774 3110 936 3185 haberent,
959 3109 1020 3173 illur

261 3219 265 3229 ¹
327 3193 417 3254 etiarn
428 3190 522 3256 milite
532 3193 743 3270 custodierint,
768 3207 802 3257 ut
825 3194 932 3256 auferri
951 3212 1015 3275 uon

327 3277 426 3338 tuerit.
461 3275 499 3337 Et
510 3289 609 3339 tamen
621 3298 727 3356 corpus
741 3297 803 3338 non
816 3278 1001 3354 comparuit3

306 3365 308 3371 ’
328 3357 416 3420 facile
426 3355 522 3422 fuisset
531 3359 662 3434 Judaeis,
681 3375 782 3438 aperto
800 3359 955 3438 sepulchro
971 3379 1020 3422 me

328 3443 408 3502 cium
421 3441 567 3519 prodere,
593 3442 790 3506 &falfitatern
835 3443 937 3520 Itaque
953 3441 1017 3505 CH

327 3521 386 3586 ST
398 3523 423 3585 U
434 3524 453 3586 S
473 3524 521 3588 vel
536 3545 553 3587 a
567 3525 627 3588 DE
639 3526 666 3588 Ο
695 3525 876 3596 resuscitatus
890 3570 900 3600 ,
931 3524 981 3588 vel
991 3525 1020 3587 ai

328 3607 457 3670 minibus
476 3606 603 3671 sublatus
628 3607 685 3669 effe
712 3609 844 3685 debuit3·
866 3610 948 3687 prius
975 3610 1020 3671 adr

328 3689 439 3769 debet,
463 3709 532 3756 curu
552 3689 608 3756 effe
618 3709 680 3758 non
689 3694 820 3772 potuerit
843 3692 1017 3836 posteriuin

956 3794 992 3838 cu
1018 3802 1020 3828 ι
