2475 4450
174 563 293 624 eota
332 561 610 658 quauta-un.
640 564 737 660 tue.
755 568 783 627 1.
850 567 905 642 m

146 730 180 779 ac
193 712 340 791 deinceps
350 710 477 774 Romam
497 708 655 792 digteffua,
691 709 822 776 eanufibi
839 731 911 794 pto.

146 797 243 878 priam
260 795 354 870 fecit,
376 815 411 857 ac
426 794 561 858 fundavit
573 792 732 858 eeclefiam.
765 794 910 874 Quamvis
1005 795 1012 811 '

141 892 248 943 autem
265 879 376 958 viginti
398 878 531 958 quinque
548 879 633 941 annis
654 897 719 942 eam
739 878 843 943 texitie
864 882 910 944 di.

148 975 255 1039 namt,
278 981 329 1026 eut
350 974 450 1025 tamen
468 980 572 1025 omnen
592 961 697 1024 Romu
714 961 910 1042 exegiffe-id-

148 1046 231 1109 cneo
256 1043 435 1108 afferendum
447 1044 580 1120 nonest,
607 1042 771 1124 apostolico
781 1051 909 1126 inopen

146 1128 268 1192 nanetus
288 1147 410 1191 munere
430 1128 562 1206 undique
584 1127 771 1192 diffemhana
780 1147 908 1212 evange-

145 1209 229 1310 unu.
271 1189 1091 1352 uuuneuunuumqunmvtfij

145 1292 830 1456 fflmpfngffiaffeisunpstssrssaiauoffi
829 1308 907 1442 Ἥ
921 1293 968 1434 t=⁹
967 1295 1069 1440 1⁹³5?

144 1459 233 1524 nullu
251 1458 325 1524 satis
341 1458 427 1521 firmo
443 1458 656 1522 fundamento:
679 1460 714 1522 id
732 1461 904 1526 certiuaha·

144 1543 250 1619 henr,
272 1545 307 1606 in
318 1541 494 1606 Palaefflnam
508 1586 517 1617 ‚
541 1561 577 1604 ac
586 1540 702 1621 Syriam
714 1561 754 1605 ex
767 1544 906 1608 occiden-

142 1639 174 1689 te
199 1626 325 1690 nediiffe
388 1624 464 1687 Eum
484 1626 517 1686 in
539 1622 592 1687 sua
614 1623 743 1689 absentia
760 1627 906 1692 vicarium

143 1708 321 1774 constimiffe
341 1706 427 1771 multi
449 1706 634 1783 existinant,
657 1709 709 1786 qui
718 1707 742 1772 L
751 1707 766 1771 1
776 1707 806 1773 N
817 1709 903 1786 UM,

141 1790 395 1856 &ctutum
413 1793 526 1868 (quem
556 1790 607 1852 alii
628 1791 829 1870 distinguunt,
852 1793 906 1858 alii-

140 1876 271 1938 eundem
296 1872 353 1937 effe
379 1872 485 1937 volunt
505 1872 935 1958 aanncLuTUM),

138 1961 267 2023 vivente
287 1956 383 2021 adhuc
415 1955 589 2020 PETRO
611 1955 777 2020 Romanam
798 1959 903 2039 guber.

140 2041 222 2105 naffe
237 2039 388 2104 ecclefian
407 2050 534 2118 putant:
557 2038 632 2102 atie
645 2039 817 2105 difficultate
837 2042 899 2119 illa,

137 2143 202 2203 quae
223 2125 393 2186 intricatam
414 2122 487 2186 facit
513 2123 676 2201 primorum
698 2122 901 2190 Romanorum
934 2152 938 2160 ·

134 2206 314 2288 pontificum
332 2205 454 2282 seriem,
487 2206 669 2285 expediant,
704 2227 760 2285 qua
793 2207 901 2273 CLE.

134 2291 171 2356 M
182 2291 208 2354 E
219 2291 280 2353 NS
303 2291 499 2353 conmuniter
520 2289 556 2350 ab
578 2287 641 2366 ipso
652 2288 673 2351 P
683 2288 706 2351 E
718 2290 745 2352 T
757 2291 786 2354 R
799 2293 826 2354 O
854 2311 900 2353 or.

134 2375 257 2437 dinatus
271 2372 425 2452 episcopus
437 2373 589 2434 Romanus
604 2370 738 2447 habetur,
760 2377 900 2436 &tamen

134 2479 153 2520 a
172 2456 324 2536 plerisque
343 2455 511 2529 veteribus,
534 2457 563 2516 ἃ
586 2454 798 2517 recentioribus
823 2457 900 2534 post·

133 2542 257 2620 ponitur
277 2539 426 2613 LINO,
450 2537 677 2601 tectum:
710 2539 790 2616 quod
809 2541 898 2602 variis

135 2621 357 2702 opinationibus
378 2621 478 2683 locum
502 2621 593 2683 dedit
639 2619 696 2683 uni
715 2618 779 2699 post
809 2623 837 2684 S.
861 2622 899 2685 E·
917 2609 1080 2698 Hmfin.

132 2704 433 2769 PIPHANIUM
458 2705 579 2778 dicunt,
603 2704 632 2766 S.
667 2702 898 2776 cuum,
917 2715 944 2759 θ.
970 2705 999 2762 6.

132 2788 243 2852 ΤΕΜ
272 2788 439 2849 otdinatum
454 2808 470 2849 a
490 2786 518 2848 S.
530 2787 551 2849 P
561 2786 584 2849 E
594 2786 660 2849 TR
670 2786 699 2849 Ο
709 2806 746 2848 ex
757 2788 898 2852 modestia

133 2869 274 2935 recusaffe
305 2869 434 2932 officium
459 2870 563 2948 (dum
583 2869 703 2931 interim
721 2869 896 2949 LINUS,

133 2975 165 3017 ac
190 2953 389 3017 CLETUS
414 2949 609 3031 gubernacula
633 2954 809 3031 tenuerint)
831 2954 896 3032 post

133 3037 240 3100 horum
261 3049 361 3100 autem
379 3049 506 3098 mortem
527 3032 708 3113 compulsum
732 3036 772 3098 ad
791 3037 894 3100 casu·

133 3120 281 3199 stipienda
301 3118 393 3183 fuiffe.
463 3117 804 3181 HAMMONDUS
839 3139 895 3182 nu-

133 3224 182 3281 per
204 3222 318 3266 novum
342 3213 525 3264 conunentus
544 3199 585 3263 est
601 3198 749 3263 solvendae
770 3200 894 3266 difficul-

133 3286 374 3359 unimodum,
416 3282 759 3347 CLEMENTEM
788 3285 892 3348 Romae

133 3368 273 3445 Iudaeis,·
297 3366 512 3431 CLETUM
538 3378 662 3442 autem,
695 3365 746 3429 seu
773 3367 892 3431 ANA-

133 3452 151 3514 Β
164 3452 262 3516 LET
273 3452 302 3515 U
314 3452 351 3516 Μ
364 3448 518 3529 gentilium
529 3448 656 3512 ecclesiae
667 3449 809 3528 pnaefuiise
819 3472 828 3527 3
840 3449 892 3515 sed

133 3537 179 3599 vix
205 3533 348 3598 assensum
359 3553 416 3597 nec
436 3534 526 3596 etiam
535 3533 614 3610 apud
629 3531 693 3595 suos
705 3531 830 3610 gentiles
843 3551 893 3596 ac·

133 3620 215 3697 cepit
261 3614 748 3696 ImprimisPEARSONIUS
773 3615 893 3677 hocat-

133 3713 300 3782 eumenum
329 3701 419 3764 docte
434 3696 581 3845 disegffit,
616 3697 892 3858 Ostenditffiufim

533 3801 547 3859 5
