2475 4450
182 550 300 621 rosr
316 551 586 616 currerun.
608 555 705 619 ene
719 557 833 622 rrvrrr.
856 559 930 640 m

169 698 267 764 morri
275 702 427 778 proximus
437 704 562 768 mutarit
571 703 753 781 unimanu&
771 708 936 788 pacircon·

176 782 306 846 ditiones
317 786 439 863 accepit.
464 786 553 863 Quod
564 787 733 866 exemplum
744 791 793 854 alii
805 792 935 873 episcopi

176 862 243 928 sunt
262 865 353 930 secuti
376 869 546 949 urgentibus
567 869 685 949 regibus
715 872 823 939 LUD.
849 875 934 940 XIV.

177 950 207 1011 &
223 949 289 1012 XV.
301 964 335 1013 ut
344 948 435 1016 hodie
444 956 536 1033 magis
548 973 635 1035 quam
645 953 707 1033 ipsa
716 956 940 1022 Romasubscri·

176 1034 311 1109 ptionenr
319 1031 405 1097 bullae
414 1050 629 1115 promoveant,
648 1040 784 1115 parochis
803 1061 838 1105 ae
850 1042 940 1106 etiarn

173 1112 445 1183 fanumoniatibus
481 1120 540 1184 sese
562 1124 789 1200 opponentibus.
849 1124 940 1191 Nunc

164 1198 344 1276 ¹courposrur
357 1200 415 1265 511ae
429 1202 497 1268 lites
511 1205 649 1268 videntur
662 1208 879 1286 conquiescere

220 1308 325 1393 Nuper
342 1331 427 1375 novae
437 1310 504 1379 lites
526 1308 737 1376 excitataesunt
747 1313 788 1376 ob
803 1312 890 1376 Fra
901 1329 940 1375 u.

177 1410 341 1457 crscurr
370 1394 408 1459 de
429 1394 574 1462 PARIS
596 1394 732 1461 abbatem
756 1393 940 1468 Parisrensern

178 1473 387 1552 Jansenffiam,
414 1478 453 1541 de
476 1498 535 1558 quo
555 1479 661 1556 iactata
680 1479 743 1556 post
754 1490 879 1541 mortem
890 1496 941 1541 va·

179 1562 225 1622 ria
245 1558 310 1622 sunt
324 1560 482 1638 miracula²
500 1560 590 1639 'quod
610 1559 775 1638 Jmsenistae
798 1560 942 1639 urgebant

180 1659 237 1719 pro
258 1641 309 1705 sua
331 1643 481 1719 factione3
510 1642 559 1711 alii
579 1655 677 1713 autem
702 1644 739 1714 ad
766 1643 938 1734 mendach

180 1724 356 1796 &turones
376 1728 475 1795 onnia
492 1725 667 1796 referebant.

225 1822 358 1899 Cognata
377 1817 594 1895 controversra,
617 1823 654 1885 de
672 1822 794 1884 martiis
816 1822 942 1902 gratia,

180 1904 234 1973 etfi
255 1916 339 1966 tanto
365 1922 427 1964 non
450 1902 574 1981 amplius
598 1914 713 1983 agatur.
731 1904 872 1981 fervore,
896 1923 944 1967 ca·

181 1986 326 2052 tentibus‘
334 1985 474 2047 Romanis
483 1984 694 2063 pontificibus,
713 2005 751 2049 ne
762 1987 948 2051 contenden-

136 2144 138 2147 ,
181 2084 229 2135 tes
248 2083 347 2151 partes
371 2067 521 2134 censuram
547 2067 579 2130 in
597 2067 627 2131 se
644 2084 747 2131 mutuo
774 2082 943 2143 exerceant,

158 2161 161 2166 '
181 2164 366 2218 nontamen
389 2148 451 2213 filet
469 2151 501 2212 in
522 2149 628 2214 scholis
652 2152 729 2214 inter
759 2152 832 2215 aliur
856 2152 945 2214 etiam

182 2236 340 2316 theologos
350 2254 436 2314 quam
450 2234 665 2298 Dominicanos
676 2279 689 2310 ,
702 2237 730 2298 &
741 2234 883 2311 Jesuitas,
897 2253 946 2299 ec·

184 2320 271 2387 'elefia
290 2317 482 2397 indulgente,
500 2317 537 2380 de
556 2318 712 2395 quaestione
731 2318 770 2381 ad
790 2317 862 2381 fidei
881 2316 970 2380 sub··

183 2404 319 2473 stantiam
341 2419 404 2468 non
427 2403 620 2482 pertinente,
647 2403 808 2465 contrarias
832 2401 949 2482 opinio.

184 2501 240 2558 nes
264 2500 373 2554 tenere.

228 2570 318 2636 Secus
333 2566 442 2633 accidit
458 2565 491 2629 in
509 2565 665 2646 quastione
677 2564 768 2629 altera
778 2578 950 2632 controver-

184 2652 217 2717 sa
247 2652 324 2717 inter
346 2647 538 2714 miffionarior
570 2646 729 2713 chinenses
750 2652 829 2714 circa
855 2647 944 2726 coeli,

139 2789 148 2799 .
187 2733 347 2807 Confert,
361 2736 391 2795 ἃ
412 2731 617 2796 defunctorum
637 2745 793 2813 parentum
815 2730 945 2798 cultum:
972 2794 976 2802 ,
1026 2781 1030 2786 .

136 2890 141 2899 ,
170 2890 172 2894 ,
188 2818 293 2900 quain
309 2835 342 2878 re
361 2814 503 2882 nonnulla
523 2814 642 2881 decreta
660 2815 814 2896 pontificia
833 2836 952 2880 emana-

187 2911 278 2983 runt,
312 2909 400 2977 atque
419 2897 540 2976 legatia
561 2896 653 2963 latere
675 2901 708 2960 in
727 2898 852 2963 Chinarn
873 2897 950 2963 rniss‘t

140 3001 148 3009 ·
186 2981 342 3061 negotium
362 2979 507 3044 conficere
519 2980 599 3044 haud
624 2997 805 3060 potuerunt3
828 2983 949 3045 tandem
1017 3052 1021 3058 ,

177 3066 321 3154 ,partibus
343 3063 485 3127 srlentiunr
507 3063 674 3143 imposrturn
698 3065 755 3128 est.-

145 3214 147 3219 ,
232 3147 397 3227 Quieristici
405 3143 546 3211 tumultus
560 3147 623 3210 fere
635 3148 872 3226 conquieverunt
883 3147 950 3227 post

144 3240 149 3247 '
188 3228 770 3312 mortemJorr.GU-IGN10N1'1E
792 3251 839 3293 nn.
857 3249 948 3310 1717·

189 3311 552 3477 {mmm
565 3311 953 3461 {ttettffirfirffttrrssrk

192 3500 264 3545 nem
282 3500 345 3542 non
364 3473 517 3542 modicarn
537 3474 696 3542 'hominum
722 3471 893 3553 no'vitates,
922 3480 954 3552 ὃς

194 3563 421 3643 fingularitatem
445 3565 631 3638 amantium,
650 3559 754 3641 quibus
766 3561 955 3641 ¹exteriorem

158 3666 162 3673 '
194 3646 367 3716 modestiam
399 3645 564 3726 praeseferre
591 3646 741 3724 injunxit,
769 3658 857 3726 atque
876 3642 957 3721 juffir

195 3729 334 3810 uittam
352 3729 503 3815 deponere
518 3748 589 3819 erga
601 3731 713 3803 annunt
723 3731 957 3878 Wc’effum‘
