2475 4450
429 345 435 458 l

301 528 375 602 114
483 531 540 586 uu
566 529 834 590 uocrnrua
857 534 957 592 suc.

311 686 326 731 .·
380 675 776 755 Scripta-novi'teliatnenti
796 674 992 754 adulteravit,
1016 692 1092 745 vetur

335 760 540 823 testamentum
553 762 671 840 penitus
694 761 897 839 repudiavit,..
916 761 989 825 alios
1004 762 1093 826 sublii.

338 858 445 918 tuens,
471 843 630 922 prasertim
651 843 838 923 apocryphos
860 845 1090 909 Docetarumsre

338 926 400 992 culi
417 926 540 990 secundi
556 926 671 1000 libros,
700 940 734 991 ut
751 926 928 991 sententiam
946 928 1026 993 suam
1046 929 1086 991 fir·

337 1022 454 1084 maret,
478 1008 711 1074 CHRISTO
733 1009 817 1071 fuiffe
840 1025 957 1074 tantum
978 1012 1090 1091 figuram

338 1106 494 1157 externam
513 1091 653 1156 hominis.
706 1095 863 1156 Auctorem
891 1094 966 1173 legis
994 1094 1090 1163 Mosai-

338 1195 403 1252 cae,
424 1195 571 1255 eumque,
596 1177 649 1255 qui
666 1196 719 1256 per
730 1175 889 1256 prophetas
913 1177 1030 1244 locutus
1044 1178 1089 1252 est,

337 1257 444 1323 babuit
466 1269 523 1340 pro
542 1262 678 1339 principe
710 1258 903 1324 tenebrarum.
957 1262 1029 1325 Non
1046 1281 1092 1341 po·

338 1344 420 1418 tuit,
440 1363 504 1422 quae
519 1343 557 1416 de
572 1346 722 1411 creatione
751 1345 785 1405 in
809 1344 913 1408 Genefi
934 1344 1091 1419 habentur,

292 1456 294 1459 ·
338 1425 489 1509 probare,
514 1427 566 1505 qui
575 1446 622 1491 res
637 1426 800 1490 materiales
818 1447 920 1490 omnes
933 1428 1013 1491 malo
1023 1430 1091 1507 ptin-

337 1511 419 1590 cipio
429 1510 598 1573 tribuebat:
616 1512 758 1589 -quamvis
771 1512 902 1585 diceret,
919 1531 978 1574 nec
989 1510 1091 1574 bonum

332 1594 513 1674 principium
531 1591 611 1671 posse
630 1593 796 1670 producere
817 1606 1001 1670 creaturam,
1028 1596 1090 1672 quin

306 1717 310 1724 ·
333 1679 369 1739 ei
397 1676 527 1753 aliquid·
539 1677 669 1736 materiae
693 1674 807 1736 amalo
827 1677 978 1755 principio
999 1677 1092 1746 misce·

305 1783 311 1807 ·’
335 1772 428 1821 retur.

372 1837 519 1902 DEUM
537 1837 679 1901 lucem
650 1857 768 1913 vivam,
791 1840 820 1901 dc
844 1843 975 1903 materiae
999 1864 1092 1923 expet

303 1951 306 1974 τ
332 1935 398 1986 tem
421 1922 537 1997 statuit,
567 1923 618 1999 qui
637 1922 670 1983 in
691 1920 804 1984 summo
823 1921 901 1984 coelo
929 1925 968 1985 ab
988 1941 1089 1989 aetemo

273 2012 275 2016 ’
303 2012 305 2015 ⁴
333 2005 499 2079 resideat,
520 1967 641 2083 stipatus
669 2003 830 2067 substantiis
859 2005 1089 2106 intelligentibus

301 2128 307 2137 -
332 2091 438 2168 puris,
458 2049 489 2151 b
508 2086 741 2163 immortalibus,
762 2107 832 2165 quas
851 2107 948 2151 aeones
966 2095 1090 2155 vocavit

302 2209 310 2221 ·
326 2171 563 2247 initiationes,
586 2169 751 2250 superiores
762 2172 894 2247 caeteris,
918 2192 956 2235 ex
972 2175 1094 2240 substan-

304 2258 377 2320 ·tia
403 2256 495 2319 Patris
514 2255 651 2335 putavit,
686 2252 815 2330 Filium,
851 2258 881 2317 dc
902 2257 1044 2335 Spiritum
1065 2261 1091 2322 S.

303 2385 307 2390 -
333 2339 463 2405 Primam
480 2340 719 2412 emanationem,
742 2337 789 2400 seu
809 2337 962 2416 personam
985 2343 1017 2402 in
1036 2342 1094 2403 sole

336 2425 366 2487 dr
378 2421 448 2486 luna
466 2421 591 2484 residere
602 2421 744 2516 putavita
757 2433 889 2499 tempore
901 2424 1006 2485 mundi
1026 2445 1094 2487 con-

334 2507 410 2580 diti,
431 2503 615 2568 secundam
605 2521 638 2562 ιιι
659 2521 734 2564 aere.
788 2504 930 2567 Praeterea
947 2506 1093 2570 infinitam

233 2617 235 2623 ·
333 2588 452 2664 copiam
481 2583 628 2659 deorum,
657 2603 691 2647 ac
711 2585 882 2665 angelorum
908 2589 1008 2652 statuit
1033 2611 1092 2652 non

328 2679 467 2814 aestus,
501 2664 553 2729 sed
570 2669 686 2746 genitos
713 2687 751 2730 ex
769 2669 924 2735 substantia
953 2674 1091 2753 principii

372 2768 414 2813 m.

372 2899 509 2963 Animam
525 2917 615 2963 unam
636 2900 669 2962 in
688 2900 799 2964 mundo
815 2900 1011 2980 agnoscebant
1028 2903 1090 2970 Ma·

330 2981 460 3058 nichaei,
477 3002 542 3061 quae
569 3002 650 3060 aquae
678 2984 765 3046 instar
792 2984 963 3061 dividatur,
987 2988 1091 3051 srcor

330 3063 483 3146 poribus
473 3067 673 3224 immergitug:
706 3067 787 3130 unde
817 3067 992 3212 ξιιιιιῙΙιιῐιίιιί1
983 3083 1089 3217 rstergm

276 3194 292 3204 ”
330 3162 902 3331 bfflgi”,{ui{{tg‘iflitgiir⁰i⁶1ici
910 3172 1089 3300 listis:

328 3335 370 3380 '¹‘
386 3316 534 3462 titis
543 3314 671 3477 ,Ἥ
686 3314 1091 3497 ἶὲῗὲἓιῗιέιζζῖἓῖῗὲψὲἰῖἶ

327 3400 438 3547 raabsrlt.
481 3480 560 3544 Duas
579 3493 679 3545 tamen
702 3485 813 3545 animas
841 3484 873 3544 in
894 3481 1017 3551 homine
1037 3485 1089 3548 lla·

296 3636 298 3640 ,
328 3564 473 3641 ruebant,
502 3564 611 3639 bonam
630 3585 740 3641 unam,
764 3569 793 3628 δι
810 3564 918 3631 malam
937 3566 1086 3630 alterams

327 3648 476 3800 ἰοίιιοίρίο
503 3636 590 3709 malo.
647 3611 766 3724 Quod'
758 3660 834 3709 mter
856 3652 1086 3729 &principium

371 3751 443 3798 num
462 3749 593 3814 pugnam
608 3731 692 3870 soille
719 3731 847 3797 statuunt
856 3731 931 3803 ab
921 3734 1028 3807 mitio,
1046 3743 1084 3795 ar

986 3833 1044 3895 que
